1951 2989
817 138 1059 175 —15—

213 235 470 286 comparabat,
495 235 554 272 ita
569 234 788 271 immutasse
804 234 967 282 videtur,
993 235 1039 271 ut
1055 245 1159 271 suam
1175 233 1300 271 varios
1317 232 1437 271 libros
1463 231 1673 270 rhetoricos

213 292 436 342 excerpendi
459 292 647 330 rationem
670 304 755 329 cum
777 293 925 342 pictore
949 292 1143 330 conferret
1166 292 1225 340 (H
1248 292 1283 328 4.
1308 292 1368 340 5):
1394 292 1485 338 quod
1508 292 1675 337 quoniam

210 351 311 389 nobis
334 362 464 399 quoque
488 351 680 388 voluntatis
704 351 841 399 accidit,
883 355 923 388 ut
954 354 1066 388 artem
1090 350 1231 387 dicendi
1252 350 1565 397 perscribamus,
1602 361 1674 386 non

211 422 325 446 unum
353 410 498 456 aliquod
521 411 770 455 proposuimus
793 411 1014 457 exemplum.
1061 411 1152 447 ‚sed
1175 410 1335 447 omnibus
1359 422 1471 446 unum
1495 411 1538 446 in
1563 409 1675 445 locum

211 470 341 505 coactis
373 467 622 513 scriptoribus
657 468 749 513 quod
783 470 929 514 quisque
963 468 1233 505 commodissime
1260 470 1465 514 praecipere
1488 467 1675 503 videbatur

211 528 447 573 excerpsimus
481 529 515 563 et
546 537 590 562 ex
622 527 736 563 variis
766 528 923 574 ingeniis
955 527 1248 565 excellentissima
1280 538 1434 574 quaeque
1472 526 1672 563 libavimus.

211 596 256 621 ex
279 586 328 621 iis
351 586 456 630 enim,
491 586 553 630 qui
585 586 725 620 nomine
754 588 786 621 et
809 587 975 622 memoria
998 586 1102 632 diqni
1125 589 1219 631 sunt,
1253 597 1318 621 nec
1343 586 1437 621 nihil
1461 586 1588 631 (ptime
1610 596 1674 621 nec

213 643 334 681 omnia
352 642 640 690 praeclarissime
663 643 847 691 quisquam
871 645 986 682 dicere
1009 644 1110 681 nobis
1132 643 1315 681 videbatur
1342 672 1351 682 .
1379 673 1387 681 .
1414 672 1423 681 .
1449 672 1458 681 .
1474 643 1608 691 ,quodsi
1631 643 1673 679 in

212 703 337 740 ceteris
359 714 492 750 quoque
514 702 646 739 studiis
670 715 693 740 a
716 704 837 741 multis
861 704 986 752 eliqere
1009 704 1165 741 homines
1180 704 1491 741 commodissimum
1514 702 1672 750 quodque

211 773 317 808 quam
339 772 414 797 sese
437 761 505 797 uni
527 761 637 797 alicui
656 764 747 798 certo
763 762 890 798 vellent
912 763 1083 805 addicere,
1106 764 1226 798 minus
1241 762 1283 797 in
1299 763 1545 809 arroyantiam
1561 763 1671 808 offen-

210 820 345 865 derent,
377 831 451 856 non
474 823 573 857 tanto
600 831 701 865 opere
725 822 767 856 in
790 821 888 857 vitiis
906 823 1191 867 perseverarent.
1231 820 1307 857 iam
1331 819 1494 858 restitue
1518 819 1578 857 hic
1601 832 1671 869 pro

212 878 398 928 magistro
423 877 718 916 commodissime
742 879 996 929 praecipiente
1021 882 1212 917 oratorem
1236 878 1423 916 commode
1447 879 1672 917 scribentem

209 937 278 985 (sic
308 936 423 974 Rhet.
450 936 500 974 ad
523 936 615 974 Her.
641 936 701 974 1V
726 938 749 973 7
782 939 947 974 commode
979 940 1117 984 scripta
1148 938 1315 974 commode
1346 938 1422 983 ipse
1454 938 1580 974 scribet
1603 937 1626 974 I
1647 938 1668 974 1

210 996 433 1033 commoditas
457 997 630 1033 orationis
666 995 710 1033 Π
737 995 784 1032 14
819 999 1000 1043 scriptoris
1032 995 1336 1045 commoditatem),
1378 1009 1448 1045 pro
1490 996 1669 1046 exemplis

209 1054 353 1092 artium
369 1054 540 1104 exempla
555 1055 802 1104 probatorum
825 1057 1019 1094 auctorum
1043 1055 1124 1093 arti
1147 1055 1313 1103 inserta;
1339 1055 1470 1092 confer
1486 1067 1507 1092 e
1524 1055 1669 1103 Diony-

210 1113 266 1151 sio
292 1114 471 1163 excerpta
494 1126 530 1163 p.
557 1113 640 1161 203,
668 1113 717 1151 14
749 1114 809 1150 οὐκ
835 1114 950 1163 ἐπειδή
983 1128 1044 1163 περ
1076 1114 1162 1162 ἦσαν
1197 1114 1324 1150 ἅπασαι
1354 1113 1464 1159 καλαί,
1500 1113 1575 1150 ἀλλ’
1609 1113 1669 1150 οὐκ

210 1172 298 1214 εἰκὸς
333 1173 375 1222 ἧν
402 1175 448 1214 ὡς
473 1173 681 1210 παντάπασιν
715 1174 801 1222 ἦσαν
836 1174 971 1223 αἰσχραί
1005 1174 1088 1221 214,
1114 1174 1139 1211 8
1164 1173 1243 1209 οὐδὲ
1268 1173 1331 1222 γὰρ
1359 1174 1399 1221 ἦν
1426 1173 1557 1214 ἁπάσας
1581 1172 1669 1209 καλὰ

211 1232 324 1281 φέρειν
357 1231 400 1268 τὰ
430 1231 538 1268 πάντα
571 1245 653 1270 cum
678 1232 867 1270 Ciceronis
901 1233 1028 1271 verbis
1066 1244 1130 1269 nec
1166 1233 1259 1269 nihil
1297 1228 1422 1277 optime
1453 1244 1517 1269 nec
1547 1235 1667 1269 omnia

208 1291 492 1336 praeclarissime
514 1293 702 1337 quisquam
725 1292 839 1328 dicere
862 1292 961 1328 nobis
984 1292 1168 1328 videbatur
1200 1292 1241 1328 et
1272 1290 1377 1328 refer
1406 1290 1499 1328 haec
1520 1303 1597 1328 non
1620 1291 1670 1327 ad

208 1348 401 1387 rhetorem
436 1349 503 1386 sed
535 1349 584 1386 ad
620 1351 810 1387 oratorem
834 1349 897 1387 vel
922 1350 1161 1398 scriptorem:
1196 1349 1435 1397 recuperabis
1459 1349 1578 1386 multo
1603 1360 1669 1398 ap-

209 1407 346 1445 tiorem
370 1409 412 1445 et
434 1407 644 1445 feliciorem
668 1408 798 1457 graeci
822 1408 987 1445 auctoris
1005 1407 1312 1445 dissertationem
1328 1406 1473 1456 copiam
1488 1408 1529 1445 et
1546 1407 1669 1445 varie-

210 1467 333 1504 tatem
366 1466 473 1504 illam
509 1466 766 1516 exemplorum
799 1466 839 1504 in
871 1466 983 1505 Rhet.
1009 1466 1101 1504 Her.
1127 1466 1186 1504 IV
1211 1466 1234 1504 3
1269 1467 1468 1516 probatam
1502 1465 1560 1504 IV
1585 1467 1619 1503 6.
1645 1467 1669 1503 '7

209 1525 469 1574 impugnatam
500 1525 805 1572 commendantis,
848 1525 1018 1563 rhetores
1054 1525 1242 1562 monentis
1274 1537 1322 1562 ne
1354 1537 1429 1561 sese
1462 1527 1528 1561 uni
1560 1526 1670 1561 alicui

210 1587 301 1621 certo
324 1584 450 1621 vellent
473 1584 657 1630 adclinem
682 1596 779 1634 quae
798 1583 1018 1622 dissertatio
1034 1595 1058 1621 a
1079 1583 1261 1622 Cicerone
1278 1583 1383 1621 aliud
1408 1585 1603 1633 spectante
1628 1584 1669 1621 et

212 1642 531 1692 comparationem
547 1642 597 1679 ad
613 1655 719 1680 suam
734 1642 1101 1692 technographorum
1116 1642 1234 1680 libros
1248 1642 1472 1691 excerpendi
1483 1642 1669 1679 rationem

210 1700 403 1739 referente
427 1702 468 1738 in
493 1701 660 1740 deterius
684 1703 835 1740 mutata
859 1703 928 1740 est.

308 1760 490 1810 Sequitur
508 1762 773 1809 argumentum
788 1773 926 1810 graeco
943 1761 1024 1799 viro
1045 1760 1140 1801 satis
1165 1759 1355 1809 prudente
1379 1760 1543 1808 dignum,
1570 1759 1670 1809 quod

210 1818 408 1856 illustrare
423 1819 517 1857 licet
531 1819 678 1868 graecis
697 1820 896 1869 exemplis:
917 1823 1100 1866 praeterea
1124 1831 1169 1856 ne
1192 1822 1341 1865 possunt
1364 1819 1504 1865 quidem
1522 1831 1565 1855 ea
1580 1830 1670 1864 quae

211 1881 401 1914 sumuntur
432 1879 476 1915 ab
508 1879 594 1915 aliis
624 1879 783 1924 exempla
816 1882 890 1916 tam
923 1890 996 1916 esse
1027 1881 1141 1914 artem
1173 1878 1443 1924 adcommodata,
1481 1880 1671 1923 propterea

211 1936 303 1982 quod
325 1938 367 1973 in
391 1937 537 1973 dicendo
561 1937 683 1974 leviter
706 1949 869 1984 unusque
900 1937 993 1975 locus
1012 1937 1219 1983 plerumque
1243 1936 1415 1983 tangitur,
1452 1947 1497 1972 ne
1520 1947 1584 1972 ars
1608 1948 1671 1982 ap-

205 1999 346 2041 pareat,
375 1997 417 2031 in
435 1996 685 2041 praecipiendo
708 2008 871 2042 expresse
895 1997 1088 2041 conscripta
1108 2007 1239 2040 ponere
1263 1999 1395 2040 oportet
1418 1994 1586 2040 exempla,
1615 1996 1671 2031 uti

210 2055 253 2089 in
276 2054 368 2090 artis
389 2053 540 2099 formam
571 2056 755 2091 convenire
784 2056 945 2100 possint:
976 2057 1009 2090 et
1034 2057 1115 2099 post
1146 2055 1187 2090 in
1212 2053 1367 2099 dicendo,
1405 2065 1450 2089 ne
1469 2054 1584 2098 possit
1606 2064 1670 2089 ars

211 2114 364 2149 eminere
388 2116 422 2149 et
445 2113 489 2149 ab
512 2113 671 2149 omnibus
697 2114 820 2157 videri,
851 2113 1020 2159 facultate
1042 2112 1194 2150 oratoris
1218 2111 1419 2148 occultatur.
1456 2123 1538 2158 erqo
1562 2113 1669 2148 etiam

211 2175 251 2207 ut
284 2173 399 2218 mayis
432 2183 494 2208 ars
518 2175 753 2218 coynoscatur,
789 2174 868 2209 suis
901 2172 1066 2218 exemplis
1099 2171 1225 2207 melius
1259 2173 1310 2206 est
1342 2172 1406 2206 uti.
1456 2169 1581 2208 sciunt
1606 2170 1671 2219 qui

211 2242 347 2278 pueros
381 2229 528 2276 docent,
564 2231 746 2279 quantum
781 2230 928 2270 distent
964 2229 1132 2279 exempla
1163 2241 1243 2266 rem
1269 2230 1359 2278 apte
1383 2228 1623 2267 illustrantia
1646 2242 1670 2267 a

211 2288 384 2337 perfecta
407 2290 493 2326 arte
519 2290 571 2336 et,
606 2289 709 2338 quod
737 2289 814 2327 iam
838 2290 1012 2329 rhetores
1036 2288 1183 2339 antiqui
1208 2288 1392 2334 fecerunt,
1427 2287 1514 2327 ideo
1538 2288 1670 2326 immu-

210 2347 291 2384 tari
314 2349 511 2386 auctorum
536 2347 716 2396 exempla,
755 2350 811 2396 ut,
850 2349 1020 2399 quamvis
1054 2347 1109 2385 sic
1142 2347 1375 2396 depravetur
1398 2347 1564 2396 genuina
1587 2347 1672 2385 stili

211 2406 466 2455 pulchritudo,
491 2406 612 2455 magis
638 2406 802 2445 emineat
826 2420 901 2456 res,
927 2408 989 2446 cui
1003 2405 1252 2444 illustrandae
1269 2405 1479 2454 exemplum
1494 2405 1670 2445 inservit.

210 2464 428 2503 acutissime
450 2465 571 2513 igitur
595 2465 800 2514 opponitur
822 2466 1011 2504 rhetorica
1034 2464 1135 2502 ratio
1161 2464 1258 2501 artis
1284 2463 1545 2511 ostentandae,
1585 2477 1670 2503 ora-

211 2602 338 2642 (similes
358 2604 442 2636 locos
462 2603 607 2635 adferunt
626 2604 833 2645 Jahn-Kron),
863 2600 917 2637 ubi
937 2608 1066 2645 negatur
1086 2603 1212 2635 Phidias
1238 2612 1276 2634 ex
1296 2602 1451 2634 hominum
1472 2604 1670 2636 similitudine

210 2653 312 2685 Iovem
331 2658 387 2686 aut
405 2655 574 2686 Minervam
594 2654 728 2686 finxisse.
