1951 2989
788 139 1026 175 -21-

186 240 359 278 mitatem
392 238 563 288 probent,
598 231 806 286 Antipater
830 237 1044 287 Philippum
1077 249 1205 287 regem
1236 238 1277 275 et
1307 236 1562 274 Aristotelem
1596 236 1642 274 de

188 297 353 336 oratoris
378 297 522 336 virtute
533 296 560 344 ¹)
585 297 771 334 testantes
794 292 961 335 inducat.
1009 296 1135 334 omnia
1157 296 1280 345 igitur
1304 295 1354 333 ad
1377 294 1642 333 Demosthenis

185 355 333 395 laudem
357 355 562 406 pertinent.
598 354 745 404 priscus
770 354 838 393 ille
860 355 960 394 liber
984 367 1052 393 cur
1074 354 1255 404 fingatur,
1280 355 1402 405 patet.
1444 353 1516 392 hoc
1538 355 1641 392 teste

185 415 319 452 rhetor
342 413 613 452 auctoritatem
635 414 865 452 narrationis
898 427 987 452 suae
1012 427 1152 463 augere
1183 416 1224 452 et
1248 426 1375 451 omnes
1396 413 1447 451 -de
1472 412 1642 451 veritate

185 472 265 511 eius
301 471 557 510 dubitationes
594 471 734 510 tollere
770 472 866 511 vult.
926 472 1011 510 ideo
1048 472 1164 510 etiam
1196 472 1290 520 §44
1323 472 1436 521 fingit
1459 470 1641 509 Archiam

184 533 404 570 narrantem
419 544 459 570 se
474 531 645 570 notarios
662 531 712 569 ad
728 531 951 570 servandam
967 531 1183 570 memoriam
1204 531 1263 569 sui
1286 543 1369 569 cum
1385 530 1639 569 Demosthene

185 590 363 640 colloquii
379 590 601 628 adhibuisse.
643 590 718 627 iam
736 590 933 639 quaeritur
955 592 1085 633 utrum
1108 590 1226 640 ipsius
1251 590 1418 628 auctoris
1442 590 1640 629 inventum

184 649 315 688 ficticii
338 648 398 686 illi
422 649 679 688 commentarii
704 649 782 687 sint
806 662 855 688 an
879 649 1031 688 aliunde
1056 649 1126 687 hoc
1149 651 1397 688 commentum
1420 649 1636 697 sumpserit.

184 708 322 746 Albers
362 721 398 757 p.
424 708 490 746 38·
512 708 650 747 conicit
689 708 914 747 mentionem
953 708 1220 747 Plutarcheam
1265 708 1386 757 (Dem.
1427 721 1458 746 c.
1485 708 1523 757 5)
1562 707 1638 746 De-

182 767 386 807 mosthenis
424 767 774 806 commentariorum
807 767 873 817 qui
904 767 984 805 sine
1009 767 1176 805 auctoris
1200 767 1347 805 nomine
1372 767 1596 805 ferebantur
1608 767 1638 815 ²)

183 838 314 864 ansam
350 826 497 864 dedisse
533 826 583 864 ad
615 825 809 876 fingendos
840 826 929 864 illos
953 826 1250 864 commentarios.
1301 827 1343 863 at
1368 825 1460 875 quid
1483 825 1637 863 tandem

182 884 460 922 commentariis
499 884 731 922 scholasticis
770 884 967 932 anonymis
1008 897 1198 922 commune
1239 896 1321 921 cum
1357 883 1636 922 commentariis

182 942 340 981 aulicis?
388 943 497 981 immo
531 943 702 993 pertinet
734 943 805 981 hoc
833 944 1080 981 commentum
1104 942 1332 980 Lucianeum
1354 942 1404 981 ad
1427 942 1636 980 hellenisti-

182 1014 263 1040 cam
286 1001 392 1040 illam
415 1001 720 1040 consuetudinem
744 1001 793 1040 ad
816 1001 934 1040 libros
958 1001 1021 1041 vel
1044 1001 1196 1040 tabulas
1221 1001 1377 1040 ficticias
1404 1001 1637 1051 provocandi

129 1077 133 1082 ’
182 1061 269 1099 inde
294 1062 341 1099 ab
366 1061 568 1099 Euhemeri
602 1073 710 1100 sacra
733 1061 896 1099 historia
919 1060 1032 1100 valde
1065 1063 1324 1111 pervagatam,
1361 1073 1381 1099 e
1405 1060 1568 1110 Dictyos
1594 1063 1635 1099 et

181 1120 338 1159 Daretis
370 1120 478 1159 libris
504 1120 671 1160 omnibus
695 1122 834 1159 notam.
884 1134 998 1159 unum
1023 1120 1231 1170 exemplum
1255 1120 1433 1167 adferam,
1472 1120 1572 1170 quod
1595 1120 1636 1158 in

165 1180 494 1218 vcommentatione
528 1191 611 1218 mea
648 1179 894 1229 Gottingensi
928 1179 974 1218 de
1008 1179 1159 1217 fabellis
1200 1191 1232 1217 a.
1268 1179 1361 1217 1911
1399 1179 1541 1228 scripta
1575 1191 1634 1217 ac-

182 1239 349 1276 curatius
386 1238 564 1286 tractavi,
600 1238 824 1286 Phlegontis
859 1238 965 1276 illam
1000 1238 1199 1276 historiam
1232 1238 1395 1276 Goethio
1427 1250 1497 1287 per
1520 1238 1634 1276 Prae-

180 1296 321 1335 torium
331 1296 359 1345 ⁸)
392 1298 531 1334 notam.
582 1308 678 1346 quae
702 1296 951 1346 pulcherrima
975 1295 1118 1334 fabella
1141 1296 1181 1333 in
1205 1296 1451 1346 epistularem
1474 1296 1635 1334 formam

182 1368 257 1393 non
294 1355 373 1393 sine
409 1355 542 1393 damno
577 1355 636 1393 ita
668 1354 824 1393 redacta
848 1357 917 1401 est,
958 1358 1002 1393 ut
1026 1355 1242 1404 praefectus
1267 1355 1372 1392 urbis
1396 1355 1634 1404 Hipparchus

180 1413 380 1460 Arridaeo,
416 1413 621 1451 Ari-idaeus
647 1413 822 1462 Philippo
858 1413 943 1462 regi
968 1413 1141 1462 epistulis
1165 1413 1346 1450 referant.
1397 1413 1491 1450 hanc
1514 1413 1635 1462 igitur

180 1472 358 1511 fabellam
392 1484 416 1510 a
448 1485 507 1509 me
543 1472 584 1510 in
617 1472 819 1522 pristinam
853 1471 1171 1522 pulchritudinem
1204 1472 1424 1510 restitutam
1456 1471 1633 1510 falsarius

180 1531 331 1580 quidam
355 1543 400 1568 ea
423 1532 549 1568 mente
574 1531 814 1576 deformavit,
840 1533 886 1568 ut
909 1531 1054 1568 litteris
1079 1530 1238 1578 publicis
1264 1531 1506 1568 Macedonum
1529 1531 1633 1568 nobi-

180 1589 271 1627 lium
306 1601 417 1639 quam
440 1589 639 1627 maximam
662 1589 842 1627 miraculo
867 1588 978 1627 fidem
1003 1588 1171 1627 adderet.
1233 1588 1362 1627 eadem
1385 1588 1551 1638 fingendi
1575 1601 1633 1627 ra-

178 1649 283 1687 tione
308 1650 441 1686 auctor
465 1648 623 1686 encomii
647 1648 911 1686 Demosthenis
935 1660 1025 1686 usus
1050 1651 1120 1686 est.

275 1706 379 1745 Haec
414 1706 499 1744 ideo
536 1706 729 1745 corollarii
759 1707 842 1745 loco
875 1706 1035 1757 amplius
1068 1707 1244 1755 tractavi,
1278 1707 1366 1758 quia
1398 1719 1444 1745 ex
1476 1706 1544 1745 hoc
1569 1719 1631 1745 en-

178 1766 295 1804 comio
334 1766 449 1804 etiam
484 1766 675 1804 illustrari
712 1766 893 1805 videntur
930 1766 1087 1804 duorum
1116 1767 1350 1815 dialogorum
1384 1766 1549 1804 frustula
1586 1779 1632 1804 ex

175 1824 331 1875 papyris
356 1824 673 1874 Friburgensibus
708 1825 848 1864 saeculi
870 1825 914 1864 H
937 1838 974 1875 p.
1006 1824 1094 1863 Chr.
1130 1839 1167 1863 n.
1198 1838 1318 1876 nuper
1351 1826 1571 1874 recuperata
1584 1825 1629 1874 4);

176 1897 334 1934 quorum
365 1883 405 1921 in
436 1884 560 1933 priore
592 1884 640 1921 de
672 1884 876 1923 divinitate
900 1884 1110 1923 Alexandri
1142 1885 1379 1934 disputantes
1404 1884 1631 1922 inducuntur

176 1942 395 1992 Antipater,
428 1942 655 1991 MnesippuS,
695 1942 951 1991 Callistratus,
983 1943 1024 1980 in
1048 1943 1180 1990 altero,
1211 1943 1315 1981 cuius
1339 1943 1385 1981 de
1410 1944 1629 1992 argumento

175 2000 344 2039 iudicare
380 2013 455 2038 non
491 2001 622 2047 ausim,
664 2001 876 2050 Antipater
914 2004 954 2039 et
987 2002 1209 2040 Cassander.
1260 2002 1468 2040 doctrinam
1504 2004 1630 2039 autem

176 2058 345 2106 editoris,
371 2059 437 2108 qui
460 2058 641 2109 quidquid
665 2059 713 2097 ad
738 2059 1034 2110 intellegendum
1057 2060 1128 2098 hoc
1151 2060 1386 2109 dialogorum
1401 2072 1519 2109 genus
1544 2073 1629 2109 per-

175 2118 296 2156 tinere
313 2118 349 2156 ei
364 2117 566 2157 videbatur
581 2118 748 2168 collegit,
774 2119 878 2168 fugit
901 2119 969 2157 hoc
993 2119 1115 2169 ipsum
1136 2119 1338 2158 encomium
1352 2119 1627 2167 Demosthenis,

276 2258 306 2296 1)
334 2257 352 2296 ξ
371 2258 411 2287 40
437 2257 622 2288 Aristoteles
645 2257 684 2288 de
704 2258 909 2290 Demosthene
937 2258 1087 2297 discipulo
1115 2266 1170 2290 suo
1191 2259 1310 2298 insigne
1330 2258 1472 2289 iudicium
1492 2258 1565 2297 fert,
1598 2263 1630 2289 et

174 2307 191 2345 ξ
214 2308 250 2336 12
280 2315 343 2337 non
370 2306 458 2337 modo
478 2306 663 2344 Aristotelis,
692 2306 745 2337 sed
774 2307 867 2337 etiam
886 2307 1101 2346 Theophrasti,
1128 2308 1318 2346 Xenocratis,
1348 2307 1485 2339 Platonis
1507 2308 1628 2339 scholas

175 2355 348 2388 audientem
375 2356 452 2387 facit
474 2356 707 2387 Demosthenem
736 2357 896 2396 imperitus
924 2360 1039 2389 auctor.
1091 2358 1130 2389 de
1159 2358 1325 2389 Aristotele
1354 2360 1554 2397 praeceptore
1584 2358 1628 2389 in-

174 2408 276 2444 eptam
296 2406 494 2445 Peripatetici
514 2406 721 2437 coniecturam
746 2406 896 2439 refutavit
918 2408 1081 2447 Dionysius
1111 2407 1152 2439 ad
1170 2409 1347 2439 Ammaeum
1371 2408 1425 2446 Ep.
1446 2408 1472 2446 Ι,
1500 2407 1539 2439 de
1559 2409 1628 2440 Pla-

173 2457 245 2487 tone
264 2465 326 2488 non
346 2456 445 2487 minus
464 2455 571 2487 futiles
591 2456 750 2495 opiniones
770 2467 797 2488 v.
819 2457 903 2497 apud
923 2457 1101 2489 Schaferum
1120 2458 1154 2488 1²
1174 2460 1230 2489 311
1244 2466 1269 2489 s.

272 2505 305 2544 2)
325 2506 420 2544 Diels,
441 2506 581 2537 Berliner
600 2506 845 2538 Klassikertexte
864 2508 881 2537 I
900 2517 931 2547 p.
944 2507 1009 2537 XL.

272 2555 304 2594 3)
324 2554 383 2586 hoc
401 2555 496 2587 didici
515 2564 554 2586 ex
573 2555 765 2588 Leitzmanni
783 2557 888 2589 libello
914 2557 974 2589 Die
1002 2557 1128 2596 Queuen
1148 2567 1207 2589 von
1235 2557 1380 2590 Schillers
1409 2558 1473 2590 und
1493 2559 1627 2592 Goethes

174 2603 324 2636 Balladen
344 2605 467 2641 (Kleine
486 2605 584 2637 Texte
604 2606 656 2646 73)
676 2606 765 2638 Bonn
787 2609 861 2639 1911
883 2618 914 2647 p.
927 2610 976 2639 33.

274 2655 307 2693 4)
329 2654 610 2694 Sitzungsberichte
629 2656 685 2687 der
704 2656 924 2696 Heidelberger
943 2656 1112 2689 Akademie
1134 2659 1210 2689 1914
1231 2659 1261 2689 11
1280 2660 1318 2690 25
1330 2667 1371 2690 ss.
