1951 2989
928 183 1171 221 -13-

314 292 435 330 neque
467 280 508 318 id
542 279 758 318 dissimulat
781 279 855 330 (IV
881 280 928 317 18
961 281 1054 317 nihil
1075 281 1234 327 prohibet
1259 283 1299 319 in
1331 282 1431 318 vitiis
1454 282 1586 320 alienis
1610 285 1780 331 exemplis

313 340 396 386 uti);
443 338 553 377 velut
594 339 634 375 in
671 338 855 376 vitiorum
894 338 1070 376 doctrina
1113 340 1237 377 celato
1279 341 1415 389 poetae
1454 341 1605 379 nomine
1645 355 1777 382 versus

315 396 447 434 adfert
471 397 493 434 I
520 397 585 443 14,
622 396 665 433 Π
690 397 748 434 38.
774 397 832 434 39.
857 397 917 434 40.
942 397 1009 444 42,
1047 396 1107 435 IV
1135 398 1182 435 18
1215 400 1279 436 ter
1313 398 1375 436 vel
1409 401 1547 447 quater
1580 398 1644 448 (cf.
1668 400 1780 438 Marx

312 468 347 504 p.
380 456 484 504 118),
526 455 640 493 Ennii
676 457 718 493 et
753 467 889 494 nomen
928 458 968 494 et
1004 468 1135 494 versus
1175 457 1217 495 11
1241 457 1303 504 34,
1341 456 1434 495 item
1469 457 1601 495 Plauti
1635 460 1677 496 et
1709 459 1780 497 Pa-

313 514 414 551 cuvii
446 513 505 562 (H
529 514 587 551 35.
615 514 673 551 36.
698 514 773 562 43),
812 514 934 552 Caelii
965 514 1088 552 locum
1117 514 1200 565 ipso
1228 515 1356 554 Caelio
1381 515 1574 554 nominato
1606 515 1679 565 (IV
1706 517 1779 565 18),

313 573 488 610 Curionis
530 573 725 611 subtracto
761 573 841 610 eius
878 574 1027 612 nomine
1063 573 1108 611 Π
1135 574 1193 613 33.
1264 575 1387 613 omnia
1427 576 1555 613 autem
1597 575 1777 625 exempla,

314 644 409 680 quae
443 631 662 669 auctoribus
697 632 901 671 nominatis
935 632 1073 679 adfert,
1111 633 1307 683 pertinent
1337 633 1386 671 ad
1419 632 1526 671 illam
1558 633 1606 672 de
1639 634 1780 674 vitiosa

312 690 642 738 argumentatione
677 691 1029 729 commentationem
1054 691 1114 736 (11
1138 692 1309 739 31—46),
1342 703 1454 741 quam
1488 704 1535 729 ex
1567 693 1779 730 vetustiore

313 748 468 786 rhetore
493 748 616 786 latino
642 748 878 798 desumptam
903 761 986 787 esse
1010 748 1189 797 Marxius,
1223 750 1288 799 qui
1322 749 1470 787 omnino
1495 750 1779 788 accuratissime

313 807 359 844 de
393 807 554 856 singulis
589 807 770 856 exemplis
805 807 897 856 egit,
932 808 1113 857 probavit
1136 821 1171 857 p.
1201 809 1271 845 126
1282 822 1343 855 ss„
1376 811 1532 857 excepto
1557 822 1633 846 uno
1660 809 1780 846 Caelii

313 864 395 902 loco
421 864 479 903 IV
506 865 554 902 18
590 867 631 902 in
662 867 784 911 priore
822 866 911 903 libro
944 867 1009 903 has
1043 878 1100 903 res
1136 867 1185 904 ad
1218 870 1250 904 te
1274 869 1436 913 scriptas,
1475 867 1574 911 Daci,
1608 869 1779 911 misimus,

313 993 437 1031 saepuis
458 993 580 1031 legisse,
602 996 728 1031 praesto
750 995 822 1023 sunt
843 993 903 1024 loci
923 993 1067 1024 Isocratis
1081 993 1138 1024 XV
1153 996 1222 1033 217,
1242 994 1295 1024 ubi
1315 997 1477 1033 postquam
1498 994 1648 1033 quaesivit
1669 995 1779 1033 quibus

315 1044 416 1074 causis
438 1043 580 1074 commoti
607 1043 744 1074 homines
764 1035 916 1074 ¹iniuriam
943 1043 1048 1074 facere
1072 1043 1218 1081 audeant,
1247 1044 1427 1083 respondet:
1460 1045 1516 1085 ἐγὼ
1538 1046 1589 1084 μὲν
1609 1045 1658 1075 οὖν
1678 1045 1782 1086 ἡδονῆς

314 1093 332 1134 ἢ
354 1094 470 1133 κέρδους
490 1094 509 1134 ἢ
531 1096 616 1133 τιμῆς
637 1093 718 1123 ἕνεκα
740 1094 816 1134 φημὶ
845 1095 949 1127 πάντας
977 1095 1068 1124 πάντα
1087 1095 1227 1134 πράττειν.
1268 1093 1350 1133 apud
1370 1094 1525 1125 rhetorem
1544 1094 1674 1125 latinum
1693 1094 1781 1125 deest

314 1145 391 1184 τιμή,
414 1143 468 1174 sed
489 1143 583 1182 paulo
604 1146 675 1182 post
696 1142 861 1174 ostendens
893 1143 1039 1174 nonnulla
1070 1143 1242 1175 desiderari
1269 1144 1301 1175 in
1320 1144 1379 1175 hac
1398 1144 1636 1182 enumeratione,
1667 1147 1699 1175 et
1719 1144 1782 1175 alia

313 1198 344 1224 et
372 1194 567 1224 ambitionem
596 1192 691 1223 addit.
732 1193 880 1224 audacius
908 1193 989 1224 idem
1017 1193 1170 1224 Isocrates
1190 1194 1264 1224 XXI
1285 1197 1304 1225 6
1335 1194 1421 1235 δῆλον
1451 1196 1507 1235 χὰρ
1537 1194 1579 1224 ὅτι
1598 1196 1699 1227 πάντις
1718 1195 1781 1234 aip-

315 1244 379 1276 δους
400 1243 469 1273 ἕνεκ’
492 1243 643 1273 ἀδικοῦσιν.
664 1260 704 1265 ——
725 1246 913 1282 postremum
941 1246 1065 1274 transeo
1095 1243 1136 1274 ad
1163 1244 1332 1283 exemplum
1362 1244 1490 1275 multum
1517 1247 1549 1275 et
1568 1244 1601 1274 in
1620 1244 1779 1274 rhetorum

313 1293 426 1324 scholis
454 1296 486 1323 et
514 1294 546 1323 in
574 1293 717 1323 diatribis
746 1293 937 1331 philosophis
963 1296 1139 1324 tractatum.
1191 1293 1279 1323 modo
1300 1294 1378 1323 Bion
1405 1294 1494 1324 modo
1524 1294 1578 1324 alii
1608 1294 1661 1334 τὴν
1681 1294 1779 1334 φιλαρ-

313 1344 411 1383 γυρίαν
443 1343 617 1383 μητρόπολιν
646 1346 705 1371 τῶν
735 1346 836 1372 κακῶν
867 1342 981 1373 dixisse
1009 1342 1169 1381 feruntur3
1205 1353 1231 1373 v.
1259 1343 1435 1373 testimonia
1466 1351 1545 1381 quae
1573 1342 1614 1373 ad
1634 1342 1779 1374 Ioannem

312 1393 477 1424 Stobaeum
497 1393 544 1423 111
568 1394 613 1430 10,
635 1394 673 1423 3⁷
703 1402 732 1431 p.
754 1394 813 1422 41⁷
834 1395 866 1423 et
885 1392 918 1423 in
938 1392 1054 1424 'l'eletis
1075 1391 1209 1424 editione
1229 1392 1328 1424 altera
1348 1402 1378 1432 p.
1401 1393 1458 1423 LII
1477 1392 1610 1424 Hensius
1637 1392 1778 1431 collegit3

312 1443 427 1473 dictum
447 1443 595 1473 Bioneum
625 1452 664 1472 ne
692 1451 713 1472 a
740 1443 896 1473 rhetorum
924 1441 1047 1481 quidem
1075 1442 1239 1481 disciplina
1266 1443 1398 1473 alienum
1421 1442 1529 1480 fuisse,
1561 1443 1674 1481 probat
1694 1443 1779 1473 Theo

312 1502 342 1530 p.
363 1494 412 1528 99,
437 1493 473 1527 18
493 1495 526 1521 et
549 1494 614 1528 105,
636 1493 654 1520 7
676 1492 728 1529 Sp.
758 1491 790 1521 id
817 1500 1064 1528 commemorans,
1094 1492 1194 1522 altero
1217 1492 1285 1521 loco
1305 1492 1350 1521 ita
1370 1494 1405 1523 ut
1425 1492 1595 1529 vituperet:
1624 1492 1657 1521 ἐκ
1678 1492 1708 1521 δὲ
1727 1495 1779 1521 τοῦ

313 1541 434 1583 ψευδοῦς
454 1540 666 1580 (redarguitur
686 1540 795 1580 chria),
825 1539 868 1571 ὅτι
897 1541 937 1582 μὴ
959 1540 1080 1582 ἀληθῶς
1101 1541 1116 1571 ὁ
1138 1539 1217 1571 Βίων
1237 1541 1311 1581 ἔλεγε
1331 1541 1383 1582 τὴν
1405 1541 1584 1582 φιλαργυρίαν
1607 1541 1779 1582 μητρόπολιν

313 1592 382 1622 εἶναι
402 1595 455 1631 τῆς
476 1592 593 1624 κακίας·
620 1591 727 1630 μᾶλλον
748 1592 799 1631 γὰρ
821 1591 964 1631 ἀφροσύνη
986 1592 1068 1621 ἐστίν.
1109 1591 1171 1621 iam
1192 1600 1336 1629 compara
1356 1591 1395 1622 ad
1415 1592 1488 1621 Her.
1509 1592 1538 1621 11
1559 1593 1614 1621 34:
1644 1592 1779 1622 onmium

312 1642 463 1672 malorum
490 1640 624 1672 multitia
651 1643 694 1671 est
721 1644 818 1671 mater
844 1644 935 1680 atque
960 1640 1102 1672 mater-es
1133 1640 1195 1680 (hic
1217 1643 1264 1671 est
1283 1640 1405 1679 ineptus
1425 1640 1479 1671 ille
1499 1640 1661 1671 verborum
1681 1640 1777 1679 lusus,

314 1700 404 1730 quem
425 1691 539 1723 sectari
560 1690 639 1722 solet
660 1689 769 1722 doctor
789 1691 913 1730 latinus,
942 1692 974 1723 in
1003 1700 1114 1730 graeco
1135 1691 1302 1731 exemplari
1322 1691 1438 1723 invenit
1457 1700 1560 1723 vocem
1582 1691 1778 1733 μητρόπολις).

314 1752 349 1773 ea
374 1744 461 1781 parit
486 1751 644 1773 mmemas
670 1742 860 1780 cupiditates.
896 1751 1053 1773 mmmae
1075 1751 1174 1781 porro
1194 1742 1376 1781 cupiditates
1394 1743 1544 1780 infinitae,
1571 1742 1780 1773 inmoderatae

313 1797 395 1824 sunt.
435 1792 510 1823 haec
533 1792 667 1831 pariunt
696 1792 867 1822 avaritiam
909 1792 1045 1823 αυανίιια
1068 1800 1165 1830 porro
1193 1791 1340 1822 hominem
1368 1791 1411 1822 αᾶ
1431 1792 1559 1831 quodvis
1578 1791 1705 1829 facimus
1724 1793 1779 1822 im-

309 1843 405 1883 peu-t.
458 1851 527 1882 erqo
557 1842 693 1873 avaritia
724 1841 842 1873 inducti
873 1842 1045 1873 adversarii
1074 1840 1173 1873 nom-i
1202 1842 1257 1872 hoc
1285 1842 1321 1872 in
1355 1851 1388 1873 se
1423 1842 1549 1880 fuemus
1579 1841 1778 1873 admiserunt.

312 1893 406 1932 paulo
427 1896 499 1931 post
518 1892 549 1922 11
563 1894 602 1923 37
623 1891 732 1922 similis
754 1891 792 1922 de
812 1892 943 1922 avaritia
963 1892 1118 1922 sententia
1137 1891 1249 1929 legitur
1269 1891 1403 1922 stultitia
1417 1892 1538 1922 omissa.
1568 1891 1642 1929 quid
1662 1891 1778 1929 igitur?

311 1943 419 1973 rhetor
439 1941 562 1980 quidam
583 1941 648 1972 sive
669 1949 798 1979 graecus
819 1941 882 1972 sive
902 1941 1018 1972 latinus
1042 1940 1156 1972 ibidem
1185 1940 1307 1979 legebat
1335 1943 1367 1971 et
1386 1940 1492 1971 Bionis
1512 1939 1627 1971 dictum
1649 1943 1681 1971 et
1700 1940 1779 1971 vitu-

310 1992 502 2030 perationem
532 1991 620 2021 nobis
652 1999 709 2029 per
729 1990 883 2020 Theonem
913 1996 1018 2021 notam
1039 1989 1202 2020 iudicantis
1233 1999 1290 2028 pro
1317 1990 1450 2020 avaritia
1477 1989 1649 2029 ponendam
1679 1989 1777 2020 fuisse

311 2042 489 2079 stultitiam
518 2041 579 2072 iam
600 2041 658 2071 hoc
687 2040 816 2071 vitiosae
844 2040 1044 2080 expositionis
1072 2040 1192 2079 longius
1213 2040 1364 2079 repetitae
1392 2040 1564 2079 exemplum
1591 2040 1651 2071 sibi
1678 2039 1775 2071 finxit.

310 2096 446 2122 ceterum
474 2092 532 2121 hoc
559 2090 598 2121 de
626 2090 742 2120 divitiis
766 2093 798 2119 et
818 2090 950 2120 avaritia
970 2090 1085 2120 dictum
1105 2094 1214 2120 auctor
1235 2089 1302 2131 Περὶ
1321 2089 1410 2130 ὕψους
1429 2091 1478 2127 44,
1500 2091 1518 2119 7
1540 2089 1724 2120 Plutarchus
1744 2089 1777 2119 in

311 2140 411 2180 Agide
432 2149 456 2171 c.
478 2142 497 2170 3
518 2139 673 2170 Lueianus
694 2139 727 2169 in
748 2138 875 2170 Timone
895 2148 921 2170 c.
942 2140 983 2170 28
1002 2138 1102 2170 fusius
1123 2139 1168 2170 ita
1186 2139 1425 2179 explicaverunt,
1446 2142 1482 2170 ut
1501 2138 1658 2178 antiquius
1678 2147 1777 2170 exem-

312 2192 381 2230 plar
402 2199 569 2229 agnoscere
590 2189 664 2220 mihi
685 2188 800 2226 videar,
831 2190 917 2221 cuius
938 2189 1034 2220 ceteri
1054 2192 1150 2220 testes
1170 2190 1215 2220 nil
1234 2189 1323 2221 nohis
1343 2189 1405 2220 nisi
1426 2189 1550 2221 titulum
1570 2190 1589 2230 ἡ
1610 2189 1777 2230 φιλαργυρία

312 2241 483 2281 μητρόπολις
503 2244 563 2269 τῶν
583 2243 683 2269 κακῶν
704 2239 918 2277 explicationis
939 2238 1127 2276 indigentem
1148 2241 1356 2269 servaverunt.
1377 2255 1416 2261 -
1438 2238 1479 2269 ad
1499 2238 1572 2269 Her.
1593 2238 1637 2269 IV
1650 2239 1689 2269 5⁷
1710 2247 1776 2269 sen-

310 2291 409 2322 tentia
442 2289 567 2329 sapim
601 2289 723 2320 nullum
752 2297 813 2327 pro
849 2288 1008 2328 republica
1038 2288 1211 2327 perieulum
1247 2288 1355 2320 vitabit
1388 2288 1562 2319 accuratius
1596 2287 1776 2327 explicatur.

311 2341 426 2371 similes
447 2339 602 2370 Ciceronis
630 2339 713 2369 locos
744 2347 800 2376 pro
823 2339 922 2370 Sestio
942 2340 991 2369 47.
1014 2339 1053 2369 48
1082 2338 1149 2377 (ubi
1169 2338 1256 2369 Decii
1283 2347 1405 2377 quoque
1428 2338 1600 2377 exemplum
1619 2337 1777 2376 profertur

311 2394 343 2421 et
362 2391 380 2429 ξ
400 2391 440 2420 46
468 2389 576 2419 similis
607 2388 694 2418 navis
722 2396 790 2417 cum
819 2388 979 2427 republica
1006 2388 1194 2426 comparatio
1221 2388 1348 2427 legitur)
1368 2388 1447 2418 Phil.
1468 2387 1540 2418 XIV
1560 2389 1610 2418 81.
1630 2389 1669 2417 82
1697 2387 1776 2428 Kay-

311 2448 398 2471 serus
427 2440 601 2477 comparat,
630 2437 709 2467 Phil.
731 2437 758 2467 X
781 2439 820 2468 20
840 2438 931 2468 Marx
957 2436 1085 2468 addidit.
1125 2440 1288 2477 tantopere
1313 2440 1416 2469 autem
1438 2436 1593 2468 Ciceronis
1621 2436 1681 2468 loci
1709 2446 1777 2469 cum

311 2490 466 2520 rhetorica
499 2488 697 2519 Hei-enniana
727 2488 937 2525 consentiunt,
978 2490 1014 2517 ut
1045 2496 1202 2519 commune
1232 2488 1293 2519 loci
1323 2488 1480 2527 exemplar
1507 2486 1646 2518 divinare
1675 2486 1776 2519 liceat.

312 2542 485 2578 postremus
513 2541 617 2569 autem
648 2537 803 2568 Ciceronis
831 2537 918 2568 locus
946 2546 966 2568 a
991 2537 1199 2569 Brinkmanno
1227 2538 1320 2577 (Mus.
1342 2538 1440 2569 Rhen.
1461 2536 1560 2567 Lxm
1581 2538 1653 2570 622)
1682 2536 1776 2568 adnu-

313 2591 449 2619 meratur
469 2587 712 2627 paraphrasibus
734 2595 877 2618 versuum
897 2587 1024 2617 Homeri
1044 2586 1282 2619 clarissimorum
1302 2588 1335 2618 M
1356 2589 1415 2618 322
1425 2595 1467 2618 ss.
1504 2585 1615 2624 quibus
1636 2594 1704 2616 cum
1722 2596 1775 2626 pa-

312 2638 512 2676 raphrasibus
542 2638 634 2669 etiam
664 2637 771 2668 rhetor
802 2637 918 2668 latinus
949 2636 1067 2675 aliquid
1100 2646 1255 2668 commune
1285 2637 1396 2676 habet3
1428 2636 1467 2667 cf.
1488 2636 1636 2675 imprimis
1656 2645 1686 2675 p.
1707 2638 1776 2674 358,

314 2689 393 2717 2—4
403 2688 442 2717 M.
458 2696 524 2717 cum
536 2697 685 2726 anonymo
695 2687 855 2718 Iamblichi
869 2686 969 2726 (Diels
980 2686 1182 2718 Vorsokr.11⁸
1196 2697 1226 2726 p.
1238 2689 1305 2725 332,
1315 2688 1394 2717 2-4
1405 2700 1443 2713 =
1452 2685 1639 2717 Brinkmaun
1653 2696 1683 2725 p.
1693 2688 1775 2727 621).
