1951 2989
847 203 1060 240 -9-

224 317 299 343 non
339 303 433 341 satis
473 300 672 340 convenire
706 299 901 348 dicantur,
949 313 1032 338 cum
1064 302 1241 351 oporteat
1275 299 1496 339 testimonia.
1527 312 1610 337 cum
1641 311 1683 338 re

225 361 438 401 concinere:
459 360 672 408 pollicentur
693 362 807 397 artem
829 360 987 407 scribere,
1013 361 1170 407 exemphz
1189 361 1380 407 proferunt
1399 359 1442 396 ab
1460 360 1508 396 iis
1527 359 1684 405 plerum-

224 433 290 468 que
321 422 381 467 qui
413 423 526 456 artem
557 419 766 454 nescierunt.
815 421 889 454 tum
920 421 1001 465 quis
1032 422 1084 455 est
1115 421 1176 465 qui
1205 421 1317 465 possit
1342 419 1390 462 id,
1423 418 1517 463 qaod
1541 418 1584 453 de
1608 420 1685 453 arte

224 479 416 525 scripserit,
441 476 659 522 comprobare
684 478 758 513 nisi
781 477 918 523 aliqwid
941 477 1072 515 scribat
1095 489 1139 514 ex
1155 480 1232 514 arte
1242 477 1281 526 ¹).
1333 479 1522 523 contraque
1544 475 1684 521 faciunt

224 549 329 584 quam
361 535 521 582 polliceri
554 534 719 571 videntur
754 563 763 572 .
791 563 799 578 .
825 563 834 572 .
870 535 1001 573 illudit
1032 535 1154 584 igitur
1183 536 1429 581 adversarios,
1465 534 1575 584 quasi
1598 534 1684 571 ideo

225 595 349 634 aliena
364 593 458 632 foris
476 592 676 631 adsumant
693 593 872 642 exempla,
899 593 988 643 quia
1004 593 1191 632 facultate
1208 593 1408 643 eloquendi
1423 592 1498 642 ipsi
1515 593 1682 630 careant.

224 655 335 704 patet
357 652 440 703 peti
464 650 687 690 umbratiles
712 651 894 700 doctores,
930 653 996 703 qui
1019 655 1224 703 praecepta
1248 652 1487 703 eloquentiae
1512 651 1683 699 tradant,

224 713 369 751 nullm
392 711 466 761 ipsi
490 710 727 761 eloquentiae
758 710 1016 750 documentum
1049 713 1207 761 gignere
1240 712 1372 759 sciant,
1411 715 1452 749 et
1476 724 1524 749 ne
1549 723 1683 749 nomen

225 770 375 821 quidem
400 770 480 809 eius
518 769 583 819 qui
616 769 678 807 hic
701 769 847 819 petitur
871 770 981 808 latet.
1031 771 1304 820 Hermagoram
1328 771 1427 809 enim
1452 770 1582 808 vexari
1606 770 1683 808 iam

223 830 392 868 Marxius
417 842 454 879 p.
480 829 551 866 113
589 828 756 866 ostendit
790 831 1003 878 comparato
1030 829 1218 875 Cicerone,
1255 830 1320 878 qui
1343 829 1458 867 Rhet.
1483 829 1506 866 I
1530 830 1555 866 8
1579 829 1680 867 vitu-

224 899 360 938 perans
385 887 672 936 Hermagoram,
698 887 797 935 quod
820 887 1060 937 philosophas
1085 888 1325 937 quaestiones
1350 888 1491 937 (θέσεις)
1517 887 1682 925 oratoris

223 947 347 985 officio
363 946 530 984 tribuat:
557 946 654 983 Nam
670 946 909 993 Hermaqoras
928 947 1076 993 quidem,
1101 947 1168 993 ait,
1194 958 1258 983 nec
1279 947 1365 993 quid
1387 947 1481 983 dicat
1501 947 1682 983 attendere

224 1017 287 1043 nec
310 1006 396 1052 quid
416 1005 627 1050 polliceatur
650 1004 850 1050 intelleqere
874 1006 1013 1042 videtur
1047 1033 1054 1041 .
1083 1033 1091 1041 .
1119 1033 1127 1042 .
1155 1033 1163 1041 .
1197 1017 1316 1041 verum
1341 1007 1473 1042 oratori
1496 1006 1682 1041 minimum

225 1067 277 1102 est
299 1064 343 1101 de
367 1067 444 1101 arte
469 1063 573 1110 loqui,
609 1063 700 1110 qaod
724 1063 780 1099 hic
799 1063 891 1109 fecit,
915 1064 1022 1100 multo
1047 1066 1237 1101 maximum
1262 1076 1306 1100 ex
1329 1067 1406 1100 arte
1431 1065 1555 1109 dicere,
1591 1064 1682 1110 quod

225 1134 305 1160 eum
337 1124 481 1160 minime
510 1123 666 1168 potuisse
696 1133 813 1159 omnes
847 1123 1002 1159 videmus
1011 1122 1050 1169 ²).
1101 1122 1193 1160 haec
1218 1122 1409 1161 Ciceronis
1435 1124 1553 1161 verba
1577 1123 1681 1160 recte

224 1183 352 1221 monet
385 1181 553 1220 Marxius
578 1180 718 1220 Graeci
753 1180 946 1230 scriptoris
982 1194 1064 1220 esse
1097 1181 1213 1228 illius,
1252 1194 1361 1231 quem
1387 1181 1578 1233 Ciceronis
1604 1196 1680 1222 ma-

224 1242 347 1291 gister
372 1242 523 1279 secutus
556 1244 650 1278 erat.
701 1239 834 1288 quodsi
870 1240 968 1289 apud
1002 1243 1195 1278 auctorem
1229 1240 1278 1278 ad
1302 1240 1533 1278 Herennium
1568 1242 1681 1279 simili

166 1330 170 1333 .
225 1299 425 1350 opprobrio
449 1299 549 1337 idem
571 1299 829 1348 Hermagoras
853 1299 1007 1348 petitur,
1034 1298 1083 1336 ad
1100 1299 1265 1337 alterum
1281 1299 1470 1337 saeculum
1487 1312 1520 1337 a.
1539 1300 1625 1338 Chr.
1644 1315 1680 1338 n.

224 1359 273 1396 lis
297 1358 376 1404 illa,
403 1370 477 1407 qua
501 1358 548 1395 de
572 1359 679 1395 recta
703 1357 854 1395 ratione
879 1357 1132 1406 exemplorum
1163 1359 1344 1405 certatur,
1384 1358 1586 1396 referenda
1610 1361 1682 1397 est.

225 1429 298 1466 quo
330 1417 372 1454 in
405 1416 610 1454 certamine
634 1415 883 1465 Hermagorei
915 1416 1166 1465 antiquorum,
1201 1428 1224 1453 a
1260 1416 1392 1465 quibus
1417 1416 1683 1465 depromerent

225 1475 406 1525 exempla,
444 1474 714 1512 auctoritatem
748 1473 956 1512 defendisse
993 1473 1184 1512 videntur.
1234 1486 1321 1512 nam
1358 1487 1469 1524 quam
1502 1475 1683 1513 describit

224 1535 359 1571 auctor
383 1533 514 1579 rixam,
548 1545 593 1571 ea
627 1545 762 1571 revera
799 1534 858 1570 est
882 1532 1108 1570 Graecorum
1132 1545 1216 1570 cum
1241 1533 1398 1570 Graecis
1423 1535 1682 1581 pugnantium.

224 1593 359 1630 auctor
396 1592 524 1629 autem
565 1603 634 1629 sua
671 1590 898 1644 adrogantia
933 1592 972 1628 et
1003 1590 1236 1629 Graecorum
1268 1590 1352 1629 odio
1386 1591 1511 1640 (Marx
1534 1605 1570 1641 p.
1599 1592 1682 1641 115)

224 1652 349 1689 motus
374 1663 456 1688 rem
481 1663 547 1688 suo
573 1649 731 1688 arbitrio
756 1662 845 1688 usus
869 1650 926 1687 ita
950 1649 1021 1687 sibi
1044 1650 1168 1699 fingit,
1206 1650 1315 1699 quasi
1338 1651 1431 1699 ipse,
1466 1650 1602 1688 rhetor
1626 1651 1682 1688 la-

223 1709 339 1756 tinus,
365 1709 523 1759 propria
539 1708 711 1758 exempla
724 1710 769 1746 ut
784 1710 973 1758 ponantur
996 1708 1229 1758 praecipiens
1253 1711 1398 1758 pugnet
1423 1721 1506 1747 cum
1524 1709 1682 1749 Graecis

226 1768 352 1807 aliena
375 1767 668 1806 adsumentibus.

319 1832 371 1870 Ic
394 1831 476 1869 Hc.
526 1833 651 1869 restat
675 1831 834 1869 tertium
858 1832 1120 1880 argumentum
1147 1832 1187 1868 et
1213 1831 1291 1868 eius
1316 1831 1521 1869 refutatio:
1548 1832 1682 1870 adver-

224 1890 318 1929 sarii
341 1890 527 1929 rationem
552 1889 685 1928 alienis
711 1890 889 1939 exemplis
914 1888 1044 1927 utendi
1068 1890 1109 1927 et
1134 1902 1181 1927 ex
1203 1890 1311 1939 copia
1326 1891 1438 1928 tanta
1462 1890 1682 1929 litterarum

223 1950 364 1989 selecta
399 1950 448 1987 ad
485 1961 590 1987 suam
625 1948 788 1998 quidque
813 1948 973 1998 speciem
996 1947 1192 1997 redigendi
1201 1948 1228 1996 8)
1262 1948 1394 1986 summi
1418 1949 1575 1987 artificii
1599 1963 1681 1988 esse

222 2010 389 2048 censent.
430 2008 565 2058 volgus
582 2007 680 2045 enim
695 2007 753 2045 ita
769 2008 907 2056 probat
923 2007 1112 2045 orationes
1137 2009 1206 2044 aut
1229 2009 1415 2055 poemata,
1442 2009 1487 2045 ut
1510 2008 1682 2047 nesciant

224 2079 299 2116 qua
334 2067 483 2105 ratione
520 2065 696 2104 commoti
727 2067 901 2115 probent.
960 2067 1001 2102 at
1035 2064 1099 2113 qui
1135 2066 1219 2102 haec
1251 2068 1371 2102 omnia
1406 2066 1579 2113 intelleyz't
1590 2067 1617 2113 ⁴)
1649 2071 1682 2105 et

325 2222 355 2260 1)
376 2220 518 2252 similiter
537 2221 586 2260 §7
608 2220 644 2250 de
664 2223 730 2251 arte
751 2222 783 2250 et
804 2229 841 2250 ex
860 2223 926 2250 arte
946 2221 1148 2258 opponuntur.

322 2271 354 2311 2)
376 2270 549 2310 comparari
567 2273 671 2310 potest
691 2270 751 2301 Cic.
773 2270 820 2301 De
840 2279 884 2302 or.
906 2270 936 2301 11
958 2272 994 2302 10
1014 2271 1051 2300 ’16
1073 2269 1090 2299 1
1110 2272 1158 2300 91.

322 2323 356 2361 3)
376 2322 514 2352 Platonis
535 2320 668 2351 Phaedri
687 2330 718 2359 p.
739 2322 798 2351 265
811 2321 840 2351 D
869 2321 907 2354 εἰς
935 2321 1001 2360 μίαν
1027 2330 1056 2349 τε
1084 2320 1158 2350 ἰδέαν
1189 2324 1350 2361 συνορῶντα
1379 2322 1452 2361 ἄγειν
1483 2323 1518 2351 τὰ
1549 2323 1681 2364 πολλαχῇ

223 2372 407 2413 διεσπαρμένα
426 2370 459 2401 in
479 2379 624 2402 memoria
643 2369 779 2401 tenuisse
798 2369 921 2402 videtur
940 2378 1066 2409 graecus
1088 2373 1204 2408 auctor,
1232 2379 1251 2401 a
1272 2379 1331 2409 quo
1351 2370 1466 2402 latinus
1487 2372 1610 2410 pendet.
1711 2408 1716 2413 ι

322 2422 355 2462 4)
376 2421 481 2453 Cicero
501 2420 713 2459 intellegentes
740 2420 792 2452 vel
818 2420 925 2451 doctos
945 2423 1033 2451 vocat
1052 2420 1189 2451 homines
1209 2420 1362 2451 litteratos
1382 2424 1467 2452 recte
1487 2423 1575 2462 κρίσιν
1597 2432 1682 2454 exer-

222 2476 342 2503 centes:
363 2472 411 2502 De
432 2474 494 2509 opt.
514 2479 582 2508 gen.
605 2473 621 2499 1
642 2471 757 2501 Brutus
780 2472 836 2501 183
857 2479 1010 2509 semperne
1029 2470 1063 2500 in
1083 2474 1205 2501 oratore
1219 2471 1383 2509 probando
1404 2475 1459 2502 aut
1479 2472 1683 2510 improbando

222 2521 303 2561 volgi
322 2521 471 2551 iudicium
498 2529 565 2550 cum
584 2520 819 2559 inteneqentium
840 2520 955 2550 iudicio
976 2519 1131 2559 conqruit.
1125 2518 1141 2541 2
1175 2521 1232 2550 190
1251 2520 1332 2559 volyi
1352 2520 1583 2558 opinione..
1606 2546 1614 2553 .
1635 2523 1682 2553 in-

222 2571 423 2611 aumantium
442 2570 557 2602 iudicio
590 2571 645 2601 199
661 2573 803 2609 praestat
823 2571 914 2601 etiam
943 2571 998 2602 illo
1027 2569 1132 2601 doctus
1159 2570 1284 2602 auditor
1310 2570 1442 2608 indocto,
1473 2572 1556 2610 qaod
1582 2582 1682 2612 saepe,

222 2630 290 2651 cum
304 2623 438 2652 oratores
453 2621 515 2651 duo
526 2624 582 2651 aut
593 2621 702 2659 plures
717 2621 831 2658 populi
849 2620 964 2651 Micio
978 2620 1160 2658 probantum,
1182 2620 1262 2658 quod
1279 2620 1400 2650 dicendi
1419 2630 1516 2659 yenas
1536 2622 1683 2659 optimum

222 2669 263 2700 sit
275 2670 435 2710 intelleqit5
453 2680 527 2701 nam
546 2669 627 2701 illud
646 2668 728 2709 quod
741 2670 861 2709 populo
879 2678 944 2701 mm
961 2669 1119 2709 probatur,
1139 2679 1178 2701 ne
1197 2669 1381 2710 intelleqenti
1403 2670 1523 2710 quidem
1544 2672 1682 2704 auditori

218 2721 346 2759 probari
359 2725 461 2760 potest
494 2723 553 2752 200
577 2721 751 2761 intelleyens
783 2720 903 2752 dicendi
931 2721 1129 2753 existwnator
1162 2722 1222 2752 320
1242 2721 1440 2754 existumator
1460 2722 1566 2754 doctus
1587 2726 1615 2754 et
1634 2724 1680 2755 in-

413 2767 434 2783 0
