1951 2989
789 197 1027 233 —11-

183 295 454 335 excitarentur.
503 305 601 331 nunc
626 293 766 332 adlatis
799 293 978 344 exemplis
1004 305 1027 331 a
1051 293 1181 332 multis
1217 292 1443 339 oratoribus,
1477 292 1592 330 etiam
1617 304 1640 330 a

182 353 307 405 poetis
331 355 373 391 et
395 352 643 391 historiarum
678 352 924 402 scriptoribus
958 365 1108 390 necesse
1133 354 1194 390 est
1217 351 1392 401 discipuli
1414 353 1553 400 putent
1577 364 1639 388 ne-

181 413 316 450 minem
340 423 466 449 omnes
492 410 730 460 eloquentiae
761 411 927 449 virtutes
952 410 1148 460 complecti
1172 423 1301 460 posse;
1336 423 1409 460 quo
1434 410 1481 447 fit
1505 412 1552 447 ut
1576 409 1639 447 de-

182 472 337 521 sperent
361 471 403 508 et
426 468 555 519 paucis
572 469 779 508 virtutibus
802 470 877 520 ipsi
900 470 1071 509 contenti
1095 470 1182 508 sint.
1234 472 1275 508 et
1299 469 1395 508 artis
1421 469 1637 519 scriptores,

182 529 357 579 quoniam
393 539 515 578 neque
549 539 618 565 sua
653 528 823 578 exempla
853 529 1053 578 proferunt
1086 541 1207 579 neque
1238 529 1348 566 unius
1374 530 1442 566 aut
1466 528 1637 575 duorum,

181 589 255 638 ipsi
276 600 426 638 quoque
450 586 616 625 iudicare
640 586 818 626 videntur
842 588 882 626 in
906 601 980 626 uno
1005 601 1142 638 paucas
1166 589 1334 627 virtutes
1358 587 1533 627 inveniri.

278 646 446 685 Primum
479 646 850 685 animadvertendum
881 649 942 685 est
975 649 1150 685 constare
1174 648 1235 685 hic
1260 647 1431 696 exempla
1452 647 1637 685 imitanda

180 705 342 755 proponi
375 708 416 743 et
448 704 496 742 de
530 704 600 742 hoc
634 704 808 742 imitandi
831 705 956 744 studio
981 705 1192 744 adversarii
1217 718 1362 755 quoque
1387 705 1555 743 auctoris
1580 705 1635 743 lo-

181 765 349 814 quuntur
375 764 396 811 5
422 764 464 800 2:
497 765 578 809 ipsa
610 766 800 801 auctoritas
824 767 1050 811 antiquorum
1074 777 1146 801 non
1171 793 1179 801 .
1207 793 1215 801 .
1243 793 1251 801 .
1280 793 1288 801 .
1313 765 1491 801 hominum
1515 766 1636 801 studia

181 824 230 860 ad
264 823 475 859 imitandum
508 823 686 859 alacriora
718 823 863 859 reddit?
912 825 1027 872 atque
1053 823 1122 860 hoc
1145 823 1319 860 imitandi
1343 823 1511 860 studium
1535 823 1634 861 anti-

182 881 291 931 quius
315 879 509 928 atticistis‚
535 893 627 930 quos
644 880 792 930 quidem
807 894 874 919 nos
889 881 1116 929 noverimus,
1143 893 1226 919 esse
1243 881 1485 919 confirmatur
1509 882 1535 919 1.
1552 882 1575 919 Ι
1590 883 1632 919 3:

183 941 331 977 imitatio
354 943 415 983 est,
440 952 510 985 qua
535 940 749 986 impellimur
773 952 849 977 oum
871 941 1035 987 diliyeuti
1058 942 1194 977 ratione
1218 945 1258 976 ut
1281 942 1478 986 aliquorum
1501 942 1635 977 similes

180 1001 220 1035 in
246 998 390 1034 dicendo
414 998 594 1034 valeamus
619 1010 704 1034 esse.
755 997 800 1035 de
825 998 975 1036 ratione
1007 1000 1133 1036 autem
1163 998 1337 1036 imitandi
1368 999 1482 1036 ctiam
1507 1000 1634 1047 poste-

181 1056 281 1094 riore
313 1057 443 1095 aetate
467 1055 643 1094 similiter
668 1058 855 1095 certatum
880 1058 941 1095 est
965 1059 1081 1107 atque
1105 1058 1239 1096 auctor
1263 1058 1433 1095 testatur
1447 1057 1484 1106 ²).
1523 1059 1636 1095 eraut

182 1115 247 1164 qui
281 1117 476 1152 auctorum
509 1115 776 1152 imitandorum
808 1128 1002 1153 numerum
1038 1115 1253 1153 cohibentes
1290 1128 1404 1152 unum
1444 1117 1636 1153 auctorem

181 1175 351 1213 veterem
374 1173 596 1212 imitandum
631 1174 703 1212 sibi
737 1176 991 1224 proponerent
1022 1174 1130 1213 velut
1152 1174 1361 1213 Atticistae
1385 1175 1544 1223 Lysiam
1567 1178 1636 1213 aut

182 1233 447 1282 Thucydidem,
482 1246 565 1270 cum
589 1233 719 1271 Cicero
744 1233 1033 1271 Demosthenem
1066 1233 1185 1271 solum
1209 1228 1410 1282 praeferat
1430 1233 1587 1281 (Orator
1611 1234 1634 1270 6

180 1292 239 1330 De
262 1295 338 1342 opt.
365 1304 449 1341 gen.
477 1292 498 1329 1
513 1305 561 1330 ss.
599 1292 658 1330 De
682 1293 837 1330 oratore
853 1292 896 1330 Π
913 1292 984 1341 90).
1035 1292 1103 1329 alii
1127 1305 1174 1330 ex
1198 1292 1402 1329 multorum
1427 1305 1501 1330 non
1525 1292 1634 1330 modo

182 1352 376 1388 oratorum
410 1350 477 1388 sed
510 1350 626 1388 etiam
657 1350 816 1388 aliorum
840 1351 1064 1399 scriptorum
1087 1350 1194 1388 libris
1219 1350 1390 1399 exempla
1412 1350 1462 1388 ad
1484 1350 1635 1387 imitan-

181 1409 268 1446 dum
292 1408 610 1447 commendabant.
661 1409 722 1448 cui
755 1409 884 1459 copiae
917 1421 962 1448 ac
992 1408 1175 1448 varietati
1206 1408 1458 1458 exemplorum
1481 1411 1637 1458 praeter

180 1467 278 1505 illud
293 1470 554 1516 argumentum
575 1468 615 1504 in
640 1470 723 1505 arte
740 1468 984 1505 Herenniana
1007 1468 1177 1505 adlatum
1201 1471 1426 1515 argumenta
1450 1468 1637 1505 validiora

179 1525 348 1576 potuisse
379 1526 531 1575 opponi,
571 1525 763 1565 Ciceronis
801 1526 958 1575 (Orator
983 1526 1031 1563 62
1044 1539 1094 1564 ss.
1133 1526 1181 1563 cf.
1211 1526 1321 1564 Dion.
1347 1525 1406 1563 De
1431 1525 1525 1563 imit.
1551 1526 1585 1572 2,
1612 1527 1635 1563 9

179 1598 216 1634 p.
234 1585 317 1629 205,
334 1585 382 1622 22
406 1584 587 1623 Us.-Rad.
614 1585 729 1632 ἐπειδὴ
749 1585 794 1632 μὴ
812 1587 973 1633 προσήκει
989 1587 1071 1621 πᾶσι
1090 1587 1157 1625 τοῖς
1181 1586 1332 1632 ποιηταῖς
1355 1584 1578 1632 ἐντυγχάνειν)
1595 1587 1635 1622 et

180 1642 408 1689 Quintiliani
428 1643 481 1691 (X
494 1643 527 1689 1,
544 1643 592 1680 27
603 1655 632 1680 s.
659 1643 718 1680 31.
736 1643 794 1681 35.
812 1643 870 1681 59.
897 1644 931 1689 2,
948 1643 1011 1692 21)
1035 1642 1173 1680 iudicia
1190 1642 1393 1680 ostendunt
1405 1641 1442 1689 ²).
1469 1644 1509 1680 et
1526 1655 1635 1692 quam

178 1714 317 1751 pravas
350 1701 524 1740 imitandi
557 1701 725 1741 rationes
763 1715 810 1740 ex
833 1702 1029 1741 Atticistis
1061 1701 1232 1740 nonnulli
1262 1701 1474 1751 posteriore
1506 1703 1635 1740 aetate

180 1760 318 1798 sectati
352 1760 441 1806 sint,
478 1762 609 1798 notum
644 1763 712 1799 est.
764 1774 883 1810 neque
917 1761 1059 1809 fugisse
1094 1760 1246 1798 videtur
1269 1762 1451 1809 quantam
1474 1760 1635 1797 difficul-

178 1820 300 1857 tatem
336 1819 474 1857 habeat
509 1819 579 1857 illa
616 1820 869 1868 exemplorum
906 1820 1072 1858 varietas
1110 1832 1204 1865 eum,
1240 1819 1306 1867 qui
1337 1819 1386 1856 ad
1410 1819 1502 1856 Her.
1527 1818 1586 1855 IV
1611 1820 1634 1856 6

178 1877 329 1915 scribit:
353 1878 568 1923 pollicentur
591 1882 703 1914 artem
726 1878 884 1921 scrzbere,
910 1878 1068 1923 exempla
1085 1877 1274 1923 proferunt
1297 1877 1341 1913 ab
1365 1877 1413 1913 iis
1429 1877 1634 1922 plerumque

177 1938 238 1982 qui
261 1940 374 1973 artem
397 1938 606 1973 nescierunt.
651 1936 722 1973 hae
747 1936 993 1974 difficultates
1018 1940 1059 1973 et
1083 1936 1130 1973 de
1154 1937 1262 1973 recta
1286 1935 1460 1973 imitandi
1483 1935 1633 1973 ratione

176 1993 266 2032 lites
301 1994 398 2031 unde
433 1995 540 2032 ortae
575 1994 654 2031 sint
686 1996 731 2032 ut
764 1996 869 2032 reete
893 1994 1168 2043 intellegamus,
1202 1990 1455 2044 quaerendum
1479 1993 1632 2031 videtur

177 2065 260 2091 esse
293 2052 359 2103 qui
394 2052 536 2091 iactum
572 2053 634 2100 sit,
673 2055 718 2091 ut
749 2055 862 2091 tanta
895 2055 1089 2091 auctorum
1120 2053 1228 2103 copia
1257 2052 1470 2091 imitatione
1507 2053 1630 2102 expri-

177 2111 311 2149 menda
325 2112 647 2149 commendaretur
664 2116 703 2149 et
717 2114 763 2149 ut
780 2112 895 2149 etiam
914 2115 1048 2161 poetae
1072 2112 1112 2148 in
1136 2123 1285 2149 censum
1310 2111 1493 2149 venirent.
1543 2123 1631 2148 nam

177 2172 310 2209 auctor
334 2170 482 2221 saepius
507 2173 680 2209 oratores
706 2172 747 2209 et
771 2172 904 2221 poetas
937 2171 994 2209 ita
1023 2170 1228 2220 coniungit,
1258 2171 1303 2208 ut
1328 2170 1519 2209 videamus
1544 2183 1632 2219 poe-

176 2229 302 2267 tarum
327 2230 497 2279 exentpla
520 2230 670 2268 minime
693 2230 869 2280 neglecta
893 2244 984 2276 esse,
1010 2232 1050 2268 et
1074 2231 1146 2278 §Z
1173 2230 1236 2268 ubi
1260 2230 1443 2279 postulat,
1469 2231 1514 2267 ut
1536 2243 1631 2268 unus

178 2288 302 2327 omnia
327 2289 498 2340 exempla
528 2289 756 2340 suppeditet,
791 2303 905 2328 unum
938 2289 1170 2339 seligendum
1195 2302 1275 2327 esse
1299 2289 1393 2327 dicit
1418 2289 1472 2325 vel
1489 2292 1632 2335 poetam

176 2348 229 2384 vel
264 2352 444 2385 oratorem.
506 2348 599 2386 haec
636 2350 764 2386 autem
797 2349 899 2386 ratio
937 2349 1142 2385 multorum
1175 2350 1216 2385 et
1252 2347 1364 2386 valde
1396 2347 1632 2385 diversorum

177 2406 406 2456 scriptorum
429 2406 600 2456 exempla
622 2406 839 2456 proferendi
863 2420 910 2445 ex
933 2406 1192 2456 Peripatetica
1213 2406 1411 2457 disciplina
1436 2407 1526 2444 orta
1550 2419 1632 2444 esse

177 2464 329 2502 videtur
353 2466 403 2513 (v.
421 2478 456 2513 p.
475 2466 522 2513 6).
565 2466 841 2514 Peripateticos
867 2466 974 2512 enim,
1000 2478 1083 2503 cum
1107 2478 1214 2503 omne
1239 2465 1319 2502 stili
1342 2477 1471 2513 genus,
1505 2477 1632 2503 omnes

277 2610 308 2648 1)
335 2609 375 2639 cf.
397 2610 509 2640 Stroux
528 2619 559 2648 p.
579 2612 618 2640 89
629 2619 684 2650 ss.;
713 2612 747 2642 P.
768 2611 849 2649 Otto,
880 2611 1079 2649 quaestiones
1108 2612 1241 2642 selectae
1268 2611 1308 2642 ad
1336 2611 1473 2642 libellum
1503 2611 1557 2649 qui
1584 2613 1632 2641 est

177 2655 244 2699 Περὶ
264 2657 353 2699 ὕψους
372 2659 570 2699 pertinentes,
590 2659 663 2692 diss.
684 2660 870 2694 Kiloniensis
894 2664 970 2694 1906
990 2671 1019 2701 p.
1042 2661 1079 2693 15
1090 2670 1114 2693 s.

275 2709 308 2747 2)
329 2709 368 2739 cf.
389 2710 423 2740 P.
445 2710 517 2741 Otto
537 2710 557 2740 l.
579 2720 604 2741 c.
625 2720 655 2749 p.
670 2712 717 2741 34.
