1951 2989
840 211 1055 246 ..7-

223 316 465 362 Anonymum
512 310 781 358 Segueriauum
820 311 842 358 ξ
874 309 1036 347 30-35-
1060 308 1279 347 Alexander
1329 306 1507 346 Numenii
1557 305 1682 343 utitur

222 374 262 411 in
298 369 511 409 refutandis
555 367 713 417 singulis
754 367 988 418 argumentis
1029 380 1160 406 eorum
1199 367 1264 417 qui
1304 366 1442 405 docent
1481 376 1684 414 numquam

224 430 351 469 omitti
382 429 497 466 licere
532 425 773 476 prooemium.
824 439 935 476 quam
965 426 1151 465 rationem
1186 426 1240 464 sic
1263 425 1448 464 describit
1472 436 1683 472 anonymus

220 487 302 538 πρὸς
326 487 464 524 ἕκαστον
496 488 562 521 τῶν
596 484 778 533 εἰρημένων
811 485 965 522 ἀπαντῶν
976 485 1003 534 ¹)
1035 487 1165 534 πρῶτον
1192 483 1250 533 μὲν
1275 485 1382 521 ἐκεῖνο
1409 483 1578 532 μέμφεται
1603 510 1611 519 .
1632 510 1641 519 .
1659 510 1681 528 .,

221 559 332 596 porro
368 558 416 583 ex
450 543 583 582 ordine
620 542 770 591 singula
803 546 1028 593 argumenta
1059 543 1302 582 refelluntur.
1354 541 1489 581 similis
1515 540 1682 580 eiusdem

220 602 434 644 Alexandri
450 604 496 641 de
513 601 723 640 omittenda
738 602 926 641 interdum
941 603 1165 642 narratione
1188 602 1469 653 argumentatio
1484 600 1682 640 invenitur

221 666 243 713 ξ
269 662 480 709 116-123,
523 663 564 699 et
599 661 770 700 novimus
807 662 904 701 hunc
940 675 1081 701 morem
1116 661 1422 701 adversariorum
1453 663 1681 710 argumenta

222 721 396 762 accurate
420 720 614 759 referendi
638 721 679 758 et
702 720 874 770 deinceps
898 721 1092 759 refutandi
1117 734 1138 758 e
1163 721 1374 765 Philodemi
1398 720 1564 769 seriptis.

317 780 339 818 I
351 792 375 818 a
399 779 484 818 Ha.
521 779 691 817 Primum
711 779 921 818 adversarii
939 780 1189 829 adrogantiae
1206 792 1289 817 esse
1306 779 1437 817 dicunt
1454 791 1524 817 sua
1538 790 1680 828 ponere

222 839 402 889 exempla,
418 838 624 876 modestiae
637 837 761 875 aliena
773 851 918 876 sumere
934 838 1043 878 velut
1052 839 1168 876 Ennii
1180 840 1220 876 et
1230 838 1383 886 Gracci;
1402 850 1478 888 qua
1487 850 1531 875 re
1540 836 1678 883 caveri,

220 911 268 936 ne
301 910 369 935 nos
402 897 501 935 solos
533 897 698 946 probare
731 898 772 934 et
798 909 921 941 amare
957 898 1019 946 (cf.
1044 897 1198 935 Horatii
1219 897 1267 934 A.
1291 897 1334 934 P.
1357 897 1445 945 444)
1470 896 1678 935 videamur.

221 957 353 995 acerbe
370 957 391 1004 ξ
407 956 432 992 4
453 967 564 1005 quam
580 954 712 1005 inepta
729 954 781 992 sit
797 954 887 993 haec
902 955 1002 994 ratio
1020 956 1298 1005 comparatione
1314 954 1549 993 ostenditur:
1575 954 1681 1001 quasi

218 1016 253 1053 si
276 1015 357 1062 quis
374 1014 539 1063 Olympia
563 1025 640 1051 eum
660 1015 796 1051 venerit
820 1026 959 1052 cursum
983 1019 1017 1052 et
1040 1016 1176 1052 steterit
1200 1018 1240 1051 ut
1263 1015 1437 1061 mittatur,
1462 1014 1680 1060 impudentis

220 1075 315 1112 dicat
339 1085 413 1111 esse
436 1073 515 1110 illos
539 1074 601 1120 qui
625 1084 764 1110 currere
788 1075 967 1119 coeperint,
991 1075 1069 1120 ipse
1088 1074 1187 1111 intra
1211 1085 1383 1111 carcerem
1406 1076 1473 1110 stet
1496 1076 1530 1110 et
1554 1076 1680 1109 narret

222 1133 309 1170 aliis
333 1132 498 1179 quomodo
522 1131 646 1170 Ladas
670 1135 783 1173 aut-1·
798 1131 969 1169 bovisewm
993 1133 1149 1169 sisonius
1180 1132 1349 1182 (Boiseus
1373 1131 1534 1169 Isthmiis
1557 1130 1677 1178 Marx,

220 1191 288 1230 alii
312 1190 402 1239 alia)
438 1192 656 1234 cursitarint,
690 1190 743 1228 sic
767 1192 838 1234 isti,
873 1203 950 1228 cum
981 1193 1023 1228 ‘bn
1057 1193 1148 1228 artis
1179 1192 1393 1228 curriculum
1406 1191 1679 1239 descenderunt,

220 1250 302 1286 illos
326 1251 388 1296 qui
412 1245 453 1286 in
477 1260 515 1285 eo
540 1250 630 1295 quod
654 1252 706 1285 est
730 1250 875 1294 artificii
898 1250 1082 1296 elaborent,
1108 1251 1213 1286 aiunt
1234 1250 1351 1295 faeere
1374 1248 1583 1292 immodeste,
1608 1250 1680 1294 ipsi

219 1308 372 1354 aliquem
409 1308 595 1353 antiquum
628 1309 800 1344 oratorem
836 1310 898 1343 aut
926 1310 1064 1353 poetam
1099 1307 1251 1344 laudant
1287 1310 1350 1344 aut
1375 1308 1600 1354 scripturam,
1639 1308 1679 1344 in

220 1367 379 1403 stadium
404 1365 596 1402 rhetoricae
615 1366 765 1411 prodire
789 1377 860 1402 non
884 1366 1024 1402 audent.
1075 1365 1188 1403 finxit
1210 1367 1345 1403 auctor
1369 1365 1680 1403 historianculam

222 1436 327 1462 suam
351 1423 401 1461 ad
426 1435 533 1460 suum
557 1423 669 1460 finem
692 1422 872 1461 mutando
906 1424 1078 1472 spectans
1107 1423 1157 1461 ad
1182 1423 1374 1473 exemplar
1398 1416 1550 1461 fabulae
1573 1422 1678 1461 illius

219 1482 416 1532 Aesopeae
438 1482 559 1531 (203b
583 1481 683 1529 203),
709 1493 784 1531 qua
799 1483 980 1520 narratur
998 1481 1151 1532 quidam
1169 1482 1292 1529 (2031)
1317 1482 1515 1531 πένταθλος)
1532 1481 1680 1520 domum

220 1553 396 1579 reversus
421 1540 584 1589 gloriari
608 1542 791 1589 quantum
815 1540 918 1578 saltu
941 1540 1068 1577 Rhodi
1093 1540 1231 1578 ceteris
1255 1540 1499 1589 praestiterit
1523 1540 1585 1588 (ὡς
1611 1555 1678 1587 μη-

223 1599 302 1634 δένα
325 1601 393 1634 τῶν
417 1595 682 1646 Ὀλυμπιονικῶν
707 1598 888 1645 ἐφικέσθαι
911 1597 1027 1646 2031))
1052 1599 1093 1635 et
1115 1598 1187 1635 hoc
1210 1598 1350 1636 testari
1374 1611 1485 1647 posse
1509 1597 1679 1635 Rhodios

219 1656 427 1706 praedicat.
478 1656 750 1706 respondetur:
782 1656 844 1694 hic
867 1656 1032 1702 Rhodus,
1066 1655 1128 1694 hic
1153 1655 1255 1694 salta
1263 1656 1303 1704 ²).
1346 1658 1386 1694 et
1417 1655 1519 1706 quod
1549 1655 1681 1694 fabula

220 1716 396 1766 Aesopea
412 1715 545 1754 docere
562 1715 648 1754 vult
673 1716 732 1763 ὅτι,
759 1714 817 1752 ἐὰν
836 1715 882 1765 μὴ
910 1716 1083 1764 πρόχειρος
1107 1717 1129 1763 ἡ
1156 1718 1215 1751 τοῦ
1239 1715 1431 1764 πράγματος
1457 1717 1621 1757 ἀπόδειξις
1646 1711 1680 1764 ᾗ,

220 1777 284 1815 πᾶς
308 1776 407 1821 λόγος
431 1775 578 1823 περιττός
603 1776 702 1822 ἐστιν,
735 1775 899 1813 conciuit
930 1787 1011 1812 cum
1036 1774 1249 1823 opprobrio,
1280 1775 1382 1824 quod
1407 1774 1679 1824 comparationi

219 1833 390 1872 adnectit
406 1835 556 1871 auctor:
580 1835 701 1881 yiqnis
723 1846 833 1871 novas
856 1833 953 1871 nobis
972 1835 1256 1879 praeceptiones‚·
1280 1845 1340 1871 eas
1357 1835 1456 1880 ipsas
1472 1834 1680 1880 confirmare

220 1905 293 1930 non
312 1896 422 1938 potes.

313 1950 418 1988 Haec
441 1961 599 2000 graecae
624 1950 778 1988 fabulae
802 1950 966 1989 imitatio
991 1962 1166 1999 graecum
1183 1951 1376 1988 auctorem
1392 1950 1552 1998 redolet,
1578 1951 1678 2001 quod

218 2009 406 2059 Olympiis
443 2011 484 2047 et
518 2008 666 2058 graecis
703 2009 938 2047 athletarum
971 2008 1181 2046 nominibus
1212 2009 1464 2047 confirmatur.
1523 2009 1678 2047 additur

218 2071 345 2106 autem
368 2067 542 2117 protinus
568 2066 666 2105 alius
692 2067 845 2105 fabulae
869 2067 1053 2111 memoria,
1092 2079 1175 2104 eum
1209 2067 1339 2116 pergit
1373 2069 1525 2106 auctor·
1566 2096 1584 2115 „

220 2127 299 2163 vide
323 2139 369 2163 ne
391 2127 509 2173 facias
532 2126 761 2172 impudenter,
794 2128 855 2173 qui
889 2130 947 2163 tuo
971 2127 1124 2163 nominet
1146 2125 1234 2162 vel-is
1258 2138 1302 2162 ex
1326 2127 1480 2163 aliorum-
1501 2126 1678 2163 laborabas

217 2186 328 2222 libare
344 2185 517 2222 laudem‘ss
560 2196 644 2221 nam
669 2185 704 2221 si
727 2196 848 2221 eorum
872 2185 1047 2221 volumina
1070 2184 1278 2229 prenderint
1302 2187 1441 2231 antiqui
1465 2188 1620 2221 oratores
1644 2188 1679 2221 et

215 2246 334 2288 poetae
365 2246 399 2280 et
430 2254 533 2280 suum
565 2243 710 2290 quisque
747 2242 791 2279 de
826 2242 929 2280 libris
957 2243 1033 2279 suis
1060 2242 1125 2288 (=
1152 2244 1287 2290 eorum)
1314 2243 1447 2290 tulerit,
1479 2243 1573 2280 nihil
1596 2245 1678 2281 istis

217 2303 309 2348 quod
332 2314 435 2339 suum
459 2302 570 2338 velint
593 2301 829 2347 relinquatur.
879 2301 954 2339 iam
977 2301 1061 2349 lege
1084 2300 1289 2339 Horatium
1313 2301 1437 2350 Epist.
1455 2301 1487 2347 I,
1506 2302 1540 2348 3,
1561 2302 1626 2339 15:

362 2360 449 2407 quid
473 2360 559 2397 mihi
588 2359 712 2397 Celsus
736 2360 842 2407 ayit?
882 2361 1033 2397 monitus
1060 2359 1275 2406 multumque
1299 2360 1493 2398 monendus

360 2421 521 2465 privatas
544 2421 584 2454 ut
608 2422 758 2464 quaerat
781 2430 862 2464 opes
886 2422 920 2455 et
945 2422 1087 2465 tanqere
1112 2419 1198 2454 vitet

361 2479 496 2523 scripta
520 2476 714 2514 Palatinus
737 2488 969 2524 quaecumque
993 2477 1121 2522 recepit
1154 2476 1292 2522 Apollo,

317 2576 347 2614 1)
368 2575 408 2606 cf.
429 2575 523 2606 Theo.
551 2584 582 2613 p.
603 2576 651 2612 60,
675 2576 720 2605 11.
743 2576 780 2605 12
809 2574 861 2613 Sp.
888 2575 959 2615 πρὸς
986 2575 1101 2605 ἕκαστον
1121 2578 1181 2605 τῶν
1201 2575 1355 2615 εἰρημένων
1386 2597 1394 2605 .
1417 2597 1424 2605 .
1447 2598 1454 2604 .
1477 2598 1484 2606 .
1512 2575 1678 2616 πειρώμεθα

218 2624 354 2656 ἀπαντᾶν.

316 2676 348 2714 2)
369 2683 450 2714 quae
470 2675 511 2706 sit
530 2675 617 2714 origo
637 2673 728 2706 huius
748 2673 825 2706 dicti
845 2674 944 2714 latini,
972 2683 1012 2707 ne
1030 2674 1246 2707 Buchmannus
1267 2673 1389 2713 quidem
1409 2674 1468 2707 scit
1494 2676 1533 2716 (v.
1557 2674 1604 2706 ed.
1626 2676 1675 2707 25.

217 2733 248 2763 1».
269 2726 351 2765 332).
