1951 2989
312 887 405 925 Gum
427 887 475 924 ad
492 886 840 924 commentationem
856 887 1102 925 academicam
1127 886 1358 925 scribendam
1383 887 1528 947 aecgdp,
1554 886 1707 945 animi,

215 947 382 984 dolorem
414 947 577 984 renovat
606 947 742 983 acerba
764 947 902 983 mortui
926 946 1201 983 FRIDERICI
1226 940 1428 984 LEONIS*
1441 930 1690 992 recofflatid,‘
1722 941 1728 952 ³

213 1005 278 1055 qui
307 1006 349 1042 et
370 1004 571 1042 Rostochii
595 1006 635 1042 et
661 1003 869 1053 Gottingae
903 1017 971 1054 per
994 1005 1141 1054 aliquot
1165 1017 1282 1042 annos
1308 1004 1379 1042 hoc
1401 1018 1535 1042 munus
1560 1016 1670 1054 prae-

213 1064 315 1102 clare
343 1063 464 1111 gessit
496 1065 537 1101 et
568 1064 667 1101 hunc
698 1076 837 1100 morem
865 1076 982 1112 paene
1008 1064 1216 1101 obsoletum
1241 1066 1282 1100 et
1305 1064 1345 1100 in
1369 1064 1561 1112 plerisque
1586 1075 1669 1100 aca-

214 1121 343 1159 demiis
359 1121 543 1159 abolitum
560 1122 755 1171 eleganter
772 1122 1025 1169 continuabat,
1045 1134 1156 1171 saepe
1169 1134 1264 1172 quae
1280 1122 1371 1160 viva
1383 1134 1475 1160 voce
1491 1122 1669 1159 docuerat

214 1181 277 1219 vel
313 1193 409 1230 quae
442 1193 524 1218 cum
557 1181 787 1231 philologiae
822 1181 997 1219 studiosis
1030 1181 1256 1231 disputando
1281 1183 1519 1219 tractaverat
1543 1194 1669 1230 perse-

213 1252 329 1289 quens
365 1241 406 1277 et
440 1240 675 1277 accuratiore
699 1239 791 1277 lima
814 1239 1014 1288 expoliens.
1056 1239 1220 1277 libenter
1243 1240 1393 1277 memini
1417 1240 1532 1288 primi
1555 1240 1670 1277 collo-

214 1298 292 1347 quii
318 1297 528 1346 Gottingae
562 1311 645 1336 cum
677 1298 803 1335 Leone
836 1298 965 1345 habiti,
1002 1311 1075 1347 quo
1108 1310 1290 1335 enarrans
1325 1298 1492 1336 rationes
1526 1299 1669 1347 praeci-

212 1356 340 1405 piendi
356 1358 397 1393 et
415 1356 607 1403 instituta,
634 1368 731 1405 quae
748 1356 961 1394 auctoribus
981 1356 1213 1405 principibus
1237 1356 1439 1405 philologis
1456 1356 1668 1404 Gottingae

213 1414 511 1452 adulescentibus
545 1415 757 1452 excolendis
793 1415 1013 1459 inserviunt,
1049 1414 1304 1452 felicissimam
1327 1414 1420 1451 mihi
1449 1414 1670 1454 societatem

211 1486 405 1511 munerum
439 1475 709 1522 augurabatur,
746 1473 841 1511 eheu
872 1473 945 1511 iam
976 1473 1162 1511 maturius
1187 1473 1420 1512 dissolutam.
1471 1475 1514 1511 at
1539 1486 1668 1511 conso-

213 1531 320 1568 latur
345 1544 413 1569 nos
438 1532 687 1570 beatitudinis
713 1531 836 1581 imago
862 1543 971 1580 quam
987 1531 1124 1569 Leonis
1149 1531 1233 1569 vita
1257 1533 1298 1569 et
1321 1544 1420 1569 mors
1446 1531 1530 1570 vita
1554 1532 1670 1580 digna

212 1592 489 1640 repraesentat,
527 1592 567 1628 et
601 1603 702 1630 nova
739 1603 824 1641 spes
860 1591 964 1628 nobis
1000 1590 1131 1628 illuxit
1167 1590 1373 1629 Ricardum
1406 1590 1670 1629 Reitzenstein

212 1661 461 1687 successorem
492 1649 624 1687 nactis.
674 1651 807 1688 vetera
831 1651 956 1687 autem
980 1649 1162 1687 instituta
1184 1662 1262 1687 non
1284 1649 1394 1687 modo
1419 1649 1590 1687 virorum
1613 1649 1670 1687 in-

212 1708 372 1757 signium
389 1708 632 1754 auctoritate,
659 1708 727 1746 sed
742 1708 859 1746 etiam
873 1709 1004 1746 nostro
1021 1707 1158 1746 iudicio
1177 1709 1423 1758 comprobata
1445 1708 1667 1746 tenebimus.

212 1767 444 1806 servabimus
469 1767 776 1806 consuetudinem
804 1767 846 1805 in
880 1767 1076 1805 seminario
1100 1767 1222 1805 latine
1246 1768 1287 1805 et
1310 1767 1489 1816 loquendi
1513 1769 1555 1805 et
1579 1767 1670 1805 scri-

210 1826 340 1872 bendi,
374 1826 446 1864 hac
478 1838 553 1863 una
587 1826 651 1863 via
681 1838 792 1875 posse
827 1825 995 1875 lingum
1024 1825 1262 1874 peregrinam
1294 1826 1335 1862 in
1366 1838 1494 1863 sucum
1518 1827 1560 1863 et
1585 1838 1669 1863 san-

209 1883 361 1932 guinem
393 1884 560 1923 transire
591 1884 785 1923 arbitrati.
829 1886 871 1923 et
904 1884 1084 1934 quomodo
1119 1884 1212 1923 licet
1248 1886 1295 1923 ab
1331 1884 1384 1922 eis
1421 1885 1484 1934 qui
1518 1885 1670 1934 publica

211 1943 381 1981 examina
405 1944 622 1981 sustentant
646 1946 691 1981 ut
714 1943 835 1982 latine
859 1945 1155 1982 commententur
1188 1956 1352 1994 poscere,
1388 1944 1462 1981 nisi
1487 1944 1542 1982 eis
1567 1944 1668 1982 viam

210 2001 460 2050 praeeamus?
492 2001 701 2040 tenebimus
724 2014 867 2040 morem
890 2002 1166 2040 dissertationis
1190 2002 1406 2052 philologae
1430 2002 1551 2041 latine
1577 2002 1667 2041 scri-

211 2061 355 2099 bendae
390 2061 505 2099 etiam
538 2061 644 2099 intra
667 2061 873 2099 Borussiae
906 2061 998 2099 fines
1033 2061 1108 2098 iam
1139 2061 1264 2099 deseri
1295 2063 1480 2110 coeptum.
1515 2073 1565 2099 an
1589 2074 1667 2099 ser-

211 2120 342 2157 vaturi
365 2120 478 2157 simus
504 2119 575 2157 hoc
597 2119 806 2157 latinarum
830 2119 1182 2157 commentationum
1205 2120 1436 2166 institutum,
1473 2120 1573 2168 quod
1597 2120 1666 2157 sci-

209 2190 292 2216 mus
317 2190 363 2216 ea
386 2179 516 2216 aetate
540 2178 625 2227 plus
650 2177 773 2227 frugis
798 2178 943 2225 tulisse,
976 2189 1049 2227 qua
1073 2190 1199 2216 omnes
1225 2178 1497 2216 commilitones
1523 2179 1665 2228 aliqua-

209 2237 321 2275 tenus
354 2236 566 2286 philologas
599 2236 745 2274 scholas
784 2236 951 2284 adibant,
989 2236 1141 2274 dubium
1165 2239 1236 2275 est.
1298 2249 1395 2286 quae
1432 2239 1560 2275 autem
1596 2237 1666 2274 hac

211 2294 480 2333 dissertatione
513 2294 723 2333 academica
756 2294 922 2334 fortasse
955 2296 1144 2345 postrema
1167 2296 1355 2343 tractabo,
1395 2297 1483 2333 orta
1506 2299 1595 2333 sunt
1619 2308 1666 2333 ex

211 2354 546 2393 exercitationibus
571 2354 774 2401 seminarii,
799 2355 933 2404 quibus
958 2354 1130 2404 proxima
1153 2354 1274 2393 hieme
1299 2355 1527 2392 rhetoricam
1542 2356 1667 2392 artem

209 2412 260 2450 ad
283 2413 513 2452 Herennium
536 2412 667 2452 datam
690 2414 934 2452 commentati
958 2426 1092 2452 sumus.

305 2591 454 2628 Auctor
487 2590 553 2639 qui
586 2589 636 2627 ad
659 2589 891 2627 Herennium
915 2590 1059 2636 scribit,
1096 2602 1180 2627 cum
1213 2591 1368 2628 ineunte
1404 2593 1542 2639 quarto
1567 2591 1667 2629 libro

210 2647 259 2684 ad
283 2648 530 2686 elocutionem
553 2647 795 2686 tractandam
818 2648 973 2695 transit,
1000 2649 1047 2686 ab
1072 2647 1155 2697 ipsa
1180 2661 1223 2686 re
1248 2648 1463 2697 digrediens
1489 2649 1535 2687 de
1559 2651 1668 2687 recta

210 2706 466 2757 exemplorum
490 2707 639 2746 ratione
664 2706 827 2746 disserit.
861 2708 954 2757 apta
977 2709 1103 2746 autem
1136 2707 1207 2746 hac
1232 2708 1422 2747 occasione
1447 2708 1487 2747 in
1511 2720 1668 2747 excursu

1386 2771 1402 2802 1
1415 2768 1432 2787 *
