1951 2989
920 120 1161 156 —2oss

307 218 381 264 ubi,
418 217 450 255 si
481 217 634 255 aliunde
667 219 908 256 sumerentur
941 217 1121 267 exempla,
1158 218 1206 255 ab
1230 229 1305 255 uno
1331 216 1428 255 sumi
1452 216 1589 256 debere
1613 219 1769 269 exponit

307 278 344 324 (ξ
369 277 419 324 7),
452 290 567 314 unum
603 277 657 313 vel
681 280 822 323 poetam
847 278 902 314 vel
925 280 1098 314 oratorem
1122 276 1336 328 eligendum
1360 288 1442 314 esse
1466 275 1570 324 dicit,
1609 279 1650 316 et
1674 279 1696 326 ξ
1719 278 1767 315 43

306 337 505 384 poetarum
538 339 578 373 et
612 336 807 372 oratorum
838 334 1144 373 consuetudinem
1167 335 1440 381 commemorat,
1479 335 1500 382 ξ
1524 334 1574 371 44
1609 335 1650 374 in
1681 349 1767 375 ver-

306 395 440 431 borum
474 393 701 432 traiectione
735 393 925 443 poeticum
949 393 1134 443 quendam
1158 406 1352 432 numerum
1375 392 1621 432 commendat.
1671 406 1768 444 quae

306 454 504 500 poetarum
538 452 578 489 in
613 452 807 489 rhetorum
842 452 978 490 scholis
1014 451 1227 490 auctoritas
1262 451 1474 501 antiquitus
1499 451 1648 489 tradita
1670 452 1769 491 mim

306 523 381 549 non
422 512 497 558 est,
540 510 715 560 quoniam
752 510 887 549 scimus
920 509 1158 549 Homericam
1195 510 1380 561 quandam
1421 509 1652 548 rhetoricam
1692 511 1768 549 iam

306 569 426 607 multo
465 571 554 607 ante
579 569 737 618 Telephi
775 582 867 618 opus
893 569 1095 608 Schraderi
1128 582 1245 618 opera
1276 571 1370 607 bene
1404 570 1670 618 recuperatum
1703 582 1767 607 ex-

307 628 449 666 cultam
474 640 573 676 esse,
600 641 712 678 quam
737 630 920 678 vergente
943 628 1102 678 imperio
1122 627 1304 676 Romam,
1330 627 1554 677 Vergiliana
1576 627 1768 668 rhetorica

306 687 491 737 quaedam
516 687 676 737 excepit.

404 746 583 784 Ceterum
608 758 655 784 ex
679 746 750 784 hac
774 746 1042 784 consuetudine
1066 747 1241 784 oratores
1262 748 1303 784 et
1317 749 1449 796 poetas
1472 746 1582 784 iuxta
1605 745 1768 795 ponendi

305 804 450 854 aliquid
485 804 581 842 lucis
619 804 797 842 adfertur
822 804 1086 843 Demosthenis
1125 804 1338 843 laudationi
1369 804 1579 843 Lucianeae
1611 804 1659 842 de
1693 816 1769 854 qua

303 863 368 912 qui
402 876 524 912 nuper
560 863 700 912 optime
735 863 818 912 egit
830 863 876 911 ¹),
914 876 989 901 non
1022 865 1145 901 totam
1178 864 1372 902 materiem
1409 863 1602 911 exhausit;
1638 864 1769 913 itaque

306 921 501 970 paululum
533 921 767 970 exspatianti
799 921 892 958 mihi
924 921 1041 959 liceat
1071 921 1255 960 nonnulla
1284 921 1434 960 addere.
1491 921 1598 959 recte'
1627 921 1767 959 Albers

308 980 483 1030 exposuit
506 980 546 1018 in
570 980 698 1030 priore
722 982 836 1030 parte
853 980 1130 1030 Thersagoram
1146 982 1307 1030 poetam,
1333 979 1398 1030 qui
1421 979 1531 1019 modo
1556 980 1596 1018 in
1611 979 1770 1019 Homeri

305 1039 486 1077 honorem
515 1051 665 1077 carmen
699 1042 970 1089 composuerat,
1005 1039 1154 1077 rhetori
1179 1039 1324 1078 cuidam
1348 1040 1611 1078 Demosthenis
1635 1039 1767 1078 lauda—

306 1098 449 1137 tionem
483 1098 686 1137 meditanti
719 1099 881 1148 primum
918 1098 1130 1146 ostendere,
1166 1112 1233 1137 cur
1256 1098 1410 1137 Homeri
1442 1098 1613 1137 laudatio
1647 1098 1767 1138 multo

306 1157 499 1195 difficilius
531 1158 726 1207 negotium
759 1158 811 1195 sit
844 1170 956 1208 quam
978 1157 1256 1204 Demosthenis,
1292 1170 1377 1195 mox
1408 1157 1685 1207 colloquentem
1717 1158 1766 1196 ad

305 1217 426 1265 ipsam
449 1216 706 1254 laudationem
730 1216 995 1254 Demosthenis
1024 1217 1192 1254 transire
1217 1217 1384 1265 singulas
1409 1216 1540 1255 laudes
1566 1216 1767 1255 secundum

307 1275 501 1313 rhetorum
531 1277 735 1324 praecepta
765 1276 1054 1313 enumerantem.
1106 1275 1271 1323 σύγκρισις
1296 1276 1422 1312 autem
1445 1274 1603 1312 Homeri
1627 1279 1668 1313 et
1691 1275 1767 1313 De·

306 1333 523 1379 mosthenis,
548 1333 648 1372 unde
674 1333 933 1382 Thersagoras
958 1333 1188 1383 profiscitur,
1220 1334 1429 1383 explicatur
1454 1346 1501 1371 ex
1526 1333 1675 1372 tradita
1698 1334 1768 1372 illa

307 1395 503 1430 oratorum
529 1395 569 1430 et
593 1394 793 1441 poetarum
815 1393 1025 1439 adfinitate,
1050 1404 1147 1441 quae
1172 1405 1215 1430 eo
1242 1393 1364 1429 artius
1389 1393 1667 1439 conectebatur,
1694 1405 1766 1441 quo

306 1451 425 1499 magis
450 1450 538 1488 inde
563 1451 610 1488 ab
634 1450 837 1499 Augustea
860 1452 989 1489 aetate
1006 1450 1142 1488 Ovidio
1159 1450 1342 1500 imprimis
1359 1452 1515 1489 auctore
1537 1452 1624 1489 tota
1644 1450 1766 1500 poesis

307 1510 519 1547 oratorium
554 1523 646 1559 opus
680 1510 892 1547 habebatur
917 1513 957 1547 et
990 1510 1039 1547 ad
1068 1510 1166 1547 artis
1193 1510 1403 1547 rhetoricae
1426 1522 1577 1547 normas
1602 1510 1768 1547 carmina

306 1567 430 1606 latina
454 1567 734 1606 referebantur.
776 1570 818 1606 et
841 1567 929 1606 huic
953 1568 1085 1605 summi
1111 1568 1275 1606 oratoris
1299 1570 1340 1606 et
1365 1568 1498 1606 summi
1522 1569 1658 1618 poetae
1684 1582 1766 1616 συγ-

306 1627 410 1674 κρίσει
434 1630 599 1676 cognata
624 1629 684 1665 est
707 1627 777 1664 illa
801 1627 841 1664 in
865 1627 994 1676 priore
1019 1626 1164 1676 dialogi
1189 1627 1336 1665 Tacitei
1360 1629 1473 1676 parte
1496 1627 1620 1677 poesis
1644 1629 1685 1665 et
1708 1627 1765 1664 fa-

305 1685 462 1723 cundiae
488 1686 561 1732 vel,
587 1688 633 1723 ut
650 1685 776 1723 Taciti
801 1686 928 1723 verbis
950 1688 1050 1732 utar,
1074 1685 1263 1724 oratoriae
1289 1687 1329 1723 et
1353 1685 1553 1723 sanctioris
1569 1687 1766 1736 poetarum

305 1744 544 1794 eloquentiae
570 1744 735 1791 collatio,
769 1745 809 1782 in
833 1758 909 1794 qua
933 1759 964 1783 c.
991 1746 1038 1783 12
1064 1757 1147 1783 cum
1171 1744 1238 1782 alii
1263 1746 1434 1783 oratores
1460 1747 1500 1783 et
1524 1747 1661 1794 poetae
1685 1747 1767 1783 tum

303 1804 490 1841 Homerus
516 1807 557 1841 et
580 1803 854 1841 Demosthenes
880 1806 1158 1853 comparantur.

399 1864 446 1901 In
480 1863 604 1901 altera
637 1863 903 1901 Demosthenis
939 1863 1096 1901 encomii
1130 1865 1242 1912 parte
1275 1863 1407 1901 rhetor
1442 1863 1527 1910 ille,
1567 1864 1766 1912 postquam

301 1922 495 1971 patienter
516 1923 652 1970 poetae
678 1921 788 1959 amici
813 1933 961 1959 carmen
986 1921 1035 1958 ad
1060 1921 1214 1958 Homeri
1229 1921 1377 1959 laudem
1391 1922 1586 1971 pertinens
1605 1921 1764 1968 audivit,

301 1980 485 2019 mercedis
517 1980 600 2019 loco
633 1993 656 2018 a
686 1980 929 2029 Thersagora
961 1980 1101 2029 accipit
1134 1982 1290 2018 vetusta
1314 1980 1554 2019 Macedonica
1586 1993 1764 2018 commen-

301 2040 407 2077 taria
437 2039 473 2087 (ξ
498 2040 546 2075 26
581 2038 823 2078 Μακεδονικοῖς
848 2043 906 2086 τῆς
933 2040 1106 2087 βασιλικῆς
1131 2038 1234 2079 οἰκίας
1260 2039 1491 2087 ὑπομνήμασιν
1500 2038 1541 2086 ²),
1577 2050 1673 2088 quae
1698 2038 1763 2085 eis,

301 2097 436 2148 quibus
462 2099 578 2136 antea
603 2097 829 2147 colloquium
853 2097 951 2136 illud
985 2110 1069 2136 cum
1095 2096 1335 2147 Thersagora
1361 2097 1531 2136 habitum
1555 2097 1763 2145 enarravit,

301 2157 442 2195 recitat
462 2156 509 2192 ἐπ’
537 2158 643 2194 αὐτῶν
668 2157 771 2205 <τῶν>
797 2157 968 2204 ὀνομάτων
985 2170 1021 2192 τε
1038 2155 1094 2192 καὶ
1117 2156 1283 2204 ῥημάτων.
1332 2156 1549 2194 continetur
1563 2158 1691 2194 autem
1707 2156 1764 2194 his

301 2216 579 2254 commentariis
596 2216 824 2267 colloquium
842 2215 1044 2265 Antipatri
1061 2216 1101 2253 et
1116 2215 1280 2254 Archiae
1295 2215 1405 2254 modo
1424 2214 1604 2254 Calauria
1619 2215 1765 2254 reversi

301 2279 341 2314 et
376 2276 423 2313 de
458 2276 724 2313 Demosthenis
761 2280 883 2312 morte
918 2275 1132 2312 referentis.
1187 2275 1406 2312 instituitur
1440 2276 1567 2312 autem
1604 2275 1662 2312 ita
1696 2274 1765 2312 hoc

302 2335 537 2385 colloquium,
572 2336 617 2372 ut
642 2334 851 2384 Antipater
876 2338 916 2373 et
941 2333 1104 2371 Archias
1129 2333 1257 2372 hostes
1283 2333 1548 2372 Demosthenis
1573 2333 1765 2382 magnani-

404 2481 432 2518 l)
454 2480 583 2511 Luciani
611 2489 691 2518 quae
719 2479 819 2510 fertur
845 2477 1060 2510 Demosthenis
1084 2477 1237 2516 laudatio,
1269 2487 1329 2509 rec.
1358 2481 1390 2509 et
1417 2478 1460 2508 ill.
1481 2477 1609 2515 Albers,
1638 2477 1764 2516 Lipsiae

304 2531 390 2560 1910.

402 2589 434 2628 2)
463 2589 501 2621 de
529 2590 587 2621 hoc
614 2598 727 2629 genere
753 2588 981 2628 ephemeridum
1010 2588 1164 2621 subtiliter
1184 2588 1354 2628 disputavit
1373 2589 1408 2620 U.
1430 2587 1572 2619 Wileken
1592 2587 1669 2619 Phil.
1690 2587 1764 2618 LIII

299 2649 329 2677 p.
355 2640 411 2670 102
422 2647 463 2670 ss.
