1951 2989
868 190 1080 225 -5-

246 290 378 339 logias,
405 286 576 336 exempla
600 285 690 323 ficta
714 284 945 324 iudicialium
970 285 1194 332 orationum,
1231 283 1403 322 novimus
1429 281 1702 332 prooemiorum

247 351 288 387 et
318 346 553 396 epilogorum
586 343 837 382 collectiones.
885 344 983 383 tales
1017 347 1144 382 autem
1168 342 1441 388 oratiunculas,
1474 342 1578 379 locos
1604 353 1702 378 com-

245 417 383 452 munes,
410 402 581 453 exempla
605 402 857 452 antiquissimi
880 402 1052 441 rhetores
1078 402 1277 441 ediscenda
1304 401 1366 439 vel
1383 399 1568 439 imitanda
1592 399 1701 438 disci-

245 465 343 515 pulis
367 462 575 501 tradebant
586 461 623 510 ¹).
662 463 702 499 et
727 464 1015 501 consentaneum
1040 464 1126 500 erat
1148 460 1430 511 antiquissimos
1455 459 1629 497 rhetores
1655 458 1702 496 de

246 536 312 562 suo
337 534 506 572 promere
532 520 719 570 exempla3
745 521 842 559 unde
867 521 965 559 enim
987 524 1176 560 emerent
1193 520 1329 567 Corax,
1355 519 1490 566 Tisias,
1515 517 1700 567 Antipho,

245 594 327 620 cum
362 579 451 618 libri
487 579 659 629 pedestri
693 580 863 618 oratione
901 593 948 618 ex
985 581 1081 619 artis
1119 580 1330 630 praeceptis
1366 578 1570 628 conscripti
1605 577 1702 615 nulli

245 646 324 679 tum
348 640 502 689 praesto
528 639 680 676 essent?
727 638 825 676 idem
856 641 982 677 autem
1014 652 1092 677 mos
1116 639 1274 689 propria
1299 638 1470 688 exempla
1493 637 1701 687 usurpandi

244 699 398 737 valebat
422 697 538 735 etiam
562 697 622 734 IV
647 697 811 734 saeculo:
845 698 1031 736 Isocrates
1056 698 1096 735 in
1120 698 1291 735 oratione
1316 697 1395 744 illa,
1429 709 1525 746 quae
1551 696 1700 734 scholae

243 756 407 796 Athenis
441 755 697 794 instituendae
730 755 887 795 inservit
919 757 1035 806 (XHI
1062 757 1118 794 12.
1146 756 1224 805 13),
1259 768 1398 794 morem
1432 755 1541 793 illum
1576 755 1698 794 civilis

244 815 480 865 eloquentiae
512 814 708 852 doctorum
739 815 930 863 discipulis
973 815 1144 864 exempla
1181 815 1461 863 (παραδείγματα)
1499 814 1699 852 ediscenda

242 872 476 925 proponendi
499 873 699 923 improbat.
749 885 796 911 ex
823 873 939 923 ipsius
969 875 1096 912 autem
1121 874 1161 911 in
1184 873 1464 911 Panathenaico
1490 874 1525 921 (ξ
1542 873 1616 911 200
1633 873 1697 923 ss.)

242 933 462 972 narratione
496 932 671 972 discimus
707 945 790 971 eum
824 936 1012 972 recentem
1047 934 1264 980 orationem,
1302 934 1519 982 priusquam
1554 933 1696 980 ederet,

241 992 432 1041 discipulis
457 991 646 1029 nonnullis
672 992 920 1041 proposuisse,
945 994 990 1030 ut
1015 1005 1143 1030 eorum
1167 992 1345 1029 iudicium
1370 991 1614 1039 examinaret,
1650 991 1698 1029 de

241 1052 461 1101 argumento
495 1053 536 1089 et
569 1050 615 1089 de
639 1050 764 1089 forma
787 1064 868 1089 cum
892 1052 944 1090 eis
970 1051 1192 1102 disputasse,
1224 1051 1405 1089 nonnulla
1442 1050 1631 1089 addidisse
1656 1052 1698 1089 et

242 1110 467 1157 emendasse,
495 1110 729 1148 emendatam
754 1110 905 1149 tandem
930 1111 1137 1149 orationem
1157 1110 1332 1148 emisisse.
1382 1110 1544 1160 priscam
1568 1113 1696 1148 autem
1720 1146 1722 1148 ,

241 1170 346 1208 illam
383 1169 580 1217 rationem,
623 1182 698 1220 qua
734 1169 793 1208 usi
833 1170 1004 1211 rhetores
1043 1169 1167 1207 omnia
1208 1169 1377 1219 exempla
1418 1169 1493 1218 ipsi
1533 1169 1694 1218 fingunt,

243 1230 383 1279 optime
408 1229 664 1278 cognoscimus
690 1241 737 1267 ex
773 1229 959 1267 rhetorica
981 1231 1065 1267 arte
1090 1226 1175 1275 illa,
1211 1241 1320 1277 quam
1343 1227 1588 1266 Anaximenis
1614 1240 1696 1266 esse

241 1288 447 1327 verisimile
483 1290 553 1336 est,
591 1302 665 1326 non
697 1289 815 1326 multo
850 1291 937 1338 post
964 1301 1006 1326 a.
1031 1288 1104 1326 340
1140 1258 1281 1325 editam
1318 1300 1398 1325 esse
1430 1299 1478 1326 ex
1502 1288 1693 1337 exemplis,

241 1360 397 1398 quorum
434 1347 579 1385 nullum
616 1347 665 1385 ad
700 1360 763 1386 res
799 1350 886 1397 post
919 1360 951 1386 a.
976 1347 1114 1389 341s40
1150 1349 1277 1396 gestas
1313 1348 1493 1397 pertinet,
1531 1348 1693 1386 constat.

240 1407 344 1445 cuius
376 1407 474 1445 artis
510 1409 643 1445 auctor
677 1420 752 1445 11011
789 1407 937 1444 dubium
968 1409 1037 1449 est,
1078 1407 1167 1457 quin
1191 1407 1312 1445 multa
1345 1407 1516 1456 exempla
1541 1405 1561 1444 e
1585 1411 1695 1445 vetu-

220 1466 420 1512 ,stim-ibus
446 1466 593 1504 artibus
619 1466 854 1516 repetiverit,
878 1466 996 1504 multa
1020 1478 1116 1516 quae
1143 1466 1206 1505 vel
1223 1466 1371 1515 legerat
1395 1466 1435 1503 in
1460 1465 1694 1504 orationibus

240 1525 352 1563 editis
391 1525 453 1563 vel
488 1525 662 1563 audierat
698 1526 738 1562 in
773 1525 1005 1563 contionibus
1040 1525 1330 1563 Atheniensium
1367 1526 1430 1563 vel
1461 1527 1543 1562 tum
1580 1525 1694 1573 vulgo

239 1583 524 1622 disserebantur
559 1583 605 1621 de
640 1597 682 1621 re
705 1584 866 1633 publica,
899 1584 938 1621 in
970 1597 1074 1621 suum
1103 1597 1211 1622 usum
1245 1584 1497 1633 converterit;
1537 1586 1579 1622 at
1602 1584 1694 1622 haec

241 1643 364 1681 omnia
388 1643 445 1681 ita
462 1655 527 1680 suo
545 1643 700 1681 consilio
718 1643 970 1681 accommodat
987 1645 1027 1681 et
1040 1643 1227 1690 immutat,
1254 1645 1299 1681 ut
1322 1644 1473 1682 nomina
1498 1646 1695 1682 auctorum

238 1715 438 1752 numquam
463 1705 724 1741 commemoret
736 1702 774 1752 ²),
814 1702 853 1740 in
888 1702 1006 1741 medio
1036 1702 1162 1752 posita
1187 1715 1255 1740 sua
1280 1703 1427 1750 reddat,
1465 1703 1545 1753 ipse
1571 1704 1694 1741 omnia

237 1762 427 1801 invenisse
464 1762 651 1801 videatur.
703 1775 747 1801 ac
781 1776 847 1801 suo
883 1763 963 1800 iure
988 1761 1209 1812 Spengelius
1244 1763 1441 1800 contendit
1474 1763 1576 1801 haud
1610 1763 1694 1802 leve

237 1821 445 1859 vetustatis
462 1821 571 1870 huius
589 1822 686 1860 artis
704 1824 966 1871 argumentum
986 1834 1076 1869 esse,
1111 1822 1211 1871 quod
1236 1822 1407 1872 exempla
1429 1835 1506 1860 non
1530 1834 1553 1860 a
1577 1822 1693 1860 claris

237 1880 485 1930 scriptoribus
509 1883 748 1930 repetuntur.

335 1939 573 1977 Contrariam
596 1940 696 1977 viam
721 1940 864 1989 primus
889 1941 1079 1989 ingressus
1105 1942 1164 1977 est
1187 1940 1432 1978 Aristoteles.
1481 1942 1568 1978 tota
1594 1941 1691 1978 enim

238 1998 429 2036 rhetorica
457 1998 535 2037 eius
561 1998 760 2048 disciplina
783 2012 858 2038 non
874 1999 914 2037 id
932 2001 1088 2049 spectat,
1114 1999 1222 2037 utin
1247 1999 1393 2037 dicendi
1419 1999 1692 2038 exercitatione

239 2070 352 2106 opera
383 2059 625 2096 consumatur
658 2059 699 2095 et
731 2059 776 2095 ut
800 2058 974 2097 rhetores
1006 2058 1270 2105 instituantur,
1307 2058 1372 2095 sed
1396 2060 1442 2096 ut
1466 2058 1691 2108 philosopha

238 2117 387 2154 ratione
414 2116 503 2166 quid
520 2117 572 2155 sit
588 2117 803 2166 eloquentia
819 2120 860 2156 et
876 2118 1008 2167 quibus
1024 2116 1275 2166 persuadendi
1291 2117 1526 2155 adminiculis
1542 2119 1690 2165 utatur,

237 2175 328 2224 quid
360 2175 502 2213 efficiat
533 2175 573 2213 in
605 2188 735 2213 eorum
766 2176 829 2226 qui
863 2176 1020 2214 audiunt
1050 2175 1183 2213 animis
1208 2176 1471 2226 perspiciatur.
1521 2176 1621 2226 quod
1646 2178 1692 2214 ut

237 2236 451 2284 appareret,
484 2235 635 2282 artium,
670 2247 766 2284 quae
801 2237 891 2274 ante
926 2248 1009 2274 eum
1033 2234 1158 2273 editae
1183 2236 1302 2282 erant,
1341 2235 1539 2274 historiam
1563 2248 1688 2285 perse-

225 2294 346 2331 cutus
371 2295 442 2332 est.
491 2294 566 2332 iam
589 2297 634 2332 ut
657 2293 698 2332 in
722 2294 913 2333 rhetorica
937 2294 1134 2344 disciplina
1156 2294 1335 2344 exemplis
1352 2294 1486 2333 alienis
1502 2294 1690 2333 clarorum

338 2455 368 2493 1)
397 2454 496 2492 Plato,
525 2454 711 2485 Menexenus
739 2455 837 2485 235D
868 2457 934 2486 εἰσὶν
963 2457 1087 2488 ἑκάστοις
1116 2455 1227 2487 τούτων
1255 2456 1332 2495 λόγοι
1359 2457 1620 2496 παρεσκευασμένοι.
1651 2474 1691 2479 -

236 2512 297 2533 11011
325 2504 451 2534 multum
480 2512 593 2543 operae
617 2504 801 2543 impendisse
827 2506 882 2536 hos
903 2506 1057 2545 sophistas
1085 2506 1266 2537 elocutionis
1291 2506 1465 2545 praeceptis
1485 2509 1569 2538 recte
1589 2510 1692 2538 monet

236 2553 357 2593 Stroux,
379 2554 426 2585 De
446 2554 653 2593 Theophrasti
673 2555 836 2587 virtutibus
857 2556 1010 2594 loquendi,
1031 2556 1156 2594 Lipsiae
1179 2558 1264 2594 1912,
1285 2566 1314 2594 p.
1329 2558 1377 2587 29.

334 2613 366 2653 2)
393 2623 472 2645 unus
499 2615 585 2645 locus
620 2624 644 2645 c.
668 2617 705 2646 18
733 2616 776 2655 (p.
798 2617 845 2654 55,
869 2618 907 2647 10
923 2617 953 2647 H
986 2618 1122 2658 κέχρηται
1149 2617 1179 2648 δὲ
1206 2619 1254 2647 καὶ
1281 2616 1437 2658 Ἐὐριπίδης
1465 2619 1494 2648 ἐν
1526 2618 1688 2659 Φιλοκτήτῃ

234 2668 371 2704 τεχνικῶς
390 2665 483 2704 τοΰτῳ
504 2668 547 2705 τῷ
568 2665 635 2695 εἴδει
655 2665 700 2695 διὰ
720 2666 814 2706 τοῦδε)
834 2666 1030 2705 excipiendus
1051 2669 1106 2704 est,
1129 2676 1189 2705 quo
1216 2670 1362 2706 quattuor
1385 2677 1491 2699 versus
1506 2668 1690 2707 Euripideos

234 2714 355 2751 profert
376 2714 427 2754 (fr.
449 2716 508 2746 797
528 2715 659 2755 Nauck),
681 2717 924 2757 προκαταλήψεως
945 2717 1122 2756 exemplum.
