1951 2989
828 186 1068 223 -13-

221 285 386 322 Homero
419 283 605 321 adhiberi:
643 281 728 330 Περὶ
753 282 853 331 ὕψους
879 284 936 330 13,
963 283 985 320 3
1019 282 1084 319 ἀπὸ
1108 286 1166 319 τοῦ
1186 280 1375 331 Ὁμηρικοῦ
1400 283 1508 319 κείνου
1533 283 1678 331 νάματος

222 343 269 382 εἰς
292 340 391 377 αὑτὸν
410 341 526 390 μυρίας
544 341 624 380 ὅσας
641 340 853 388 παρατροπὰς
870 341 1178 390 ἀποχετευσάμενος
1203 341 1298 390 (sim.
1316 341 1505 380 Heracliti
1521 341 1676 388 Quaest.

221 399 442 437 Homericae
478 398 539 447 18)
578 398 707 445 Quint.
741 399 801 437 XI
823 399 871 437 46
902 402 958 437 hie
990 401 1083 438 enim
1118 401 1342 447 (Homerus),
1390 400 1677 447 quemadmodum

221 469 265 494 ex
290 457 424 495 Oceano
448 458 533 493 dicit
556 458 631 503 ipse
655 458 807 495 omnium
829 458 1014 504 fluminum
1045 459 1262 506 fontiumque
1293 470 1421 507 cursus,
1451 459 1596 496 initium
1620 470 1677 496 ca-

219 528 312 563 pere,
345 516 504 554 omnibus
540 516 754 562 eloquentiae
784 518 951 563 partibus
984 519 1178 564 exemplum
1211 521 1243 554 et
1278 522 1394 555 ortum
1426 518 1533 565 dedit,
1571 518 1677 555 cuius

221 587 398 624 graecum
433 574 625 624 exemplar
660 574 850 614 invenitur
881 576 981 626 apud
1017 576 1242 626 Dionysium
1277 576 1364 615 Hal.
1397 576 1456 615 De
1486 589 1602 627 comp.
1629 577 1678 615 24

222 648 257 684 p.
278 634 346 672 121
372 634 574 672 Us.-Rad.:
599 633 732 682 κορυφὴ
760 634 817 683 μὲν
843 635 898 672 οὖν
924 635 1077 673 ἁπάντων
1101 635 1157 672 καὶ
1183 637 1314 683 σκοπός,

603 694 636 733 ἐξ
661 693 699 728 οὔ
724 707 785 742 περ
810 694 926 735 πάντες
951 694 1093 742 ποταμοὶ
1116 694 1173 730 καὶ
1197 698 1289 731 πᾶσα
1315 695 1471 732 θάλασσα
1496 694 1554 731 καὶ
1572 698 1677 732 πᾶσαι

601 766 730 800 κρηναι,

224 811 360 851 δικαίως
385 811 424 847 ἂν
449 806 603 859 ’Όμηρος
628 812 767 858 λέγοιτο.
818 812 930 850 simili
962 813 1240 862 comparatione
1273 813 1447 851 imitandi
1471 815 1678 862 praecepta

223 869 422 907 confirmat
446 869 653 918 Dionysius
679 870 736 907 De
760 870 855 908 imit.
880 871 928 907 fr.
956 871 1015 909 VI
1041 871 1061 907 1
1088 883 1124 919 p.
1141 871 1224 917 203,
1243 872 1265 907 7
1295 872 1377 907 ἐπὰν
1405 873 1541 920 ζηλώσῃ
1567 885 1614 912 τις
1639 871 1676 907 τὸ

223 930 299 976 παρ’
325 927 454 976 ἑκάστῳ
492 931 557 964 τῶν
595 930 746 964 παλαιῶν
786 928 908 977 βέλτιον
943 928 1027 966 εἶναι
1061 931 1178 966 δοκοῦν
1210 929 1267 965 καὶ
1298 929 1451 978 καθάπερ
1481 931 1519 965 ἐκ
1543 932 1676 966 πολλῶν

223 986 380 1034 ναμάτων
406 987 440 1022 ἕν
465 1001 495 1022 τι
513 987 713 1035 συγκομίσας
732 988 836 1035 ῥεῦμα
851 989 938 1024 τοῦτ’
957 989 1003 1029 εἰς
1019 988 1078 1035 τὴν
1101 988 1211 1037 ψυχὴν
1230 988 1453 1036 μετοχετεύσῃ
1465 989 1504 1036 ¹).
1544 989 1676 1038 itaque

223 1044 316 1082 haec
339 1057 486 1095 quoque
510 1045 634 1094 imago
658 1045 708 1083 ad
731 1058 904 1094 graecum
928 1046 1119 1096 exemplar
1140 1048 1188 1085 ab
1205 1048 1361 1084 auctore
1378 1047 1427 1084 ad
1443 1047 1674 1085 Herennium

225 1116 440 1153 expressum
464 1104 664 1142 referenda
690 1106 759 1143 est.

322 1163 503 1213 Sequitur
518 1165 656 1213 quarta
672 1164 921 1214 comparatio:
948 1164 1148 1202 Charetem
1164 1163 1353 1213 Lysippus
1373 1165 1521 1202 statuas
1538 1164 1675 1212 facere,

225 1234 300 1259 non
336 1222 395 1260 ita
430 1222 568 1269 docuit,
608 1227 648 1260 ut
685 1227 788 1269 caput
820 1225 1010 1261 ostenderet
1035 1225 1255 1270 Myronium,
1293 1224 1435 1260 brachia
1460 1224 1675 1269 Praxitelae,

219 1284 344 1325 pectus
369 1281 607 1327 Polyclettum,
643 1282 710 1319 sed
744 1284 788 1319 ut
822 1294 944 1319 coram
969 1282 1134 1319 Charete
1169 1280 1320 1328 singula
1343 1281 1507 1329 faceret;
1543 1283 1677 1319 contra

226 1338 438 1378 adversarii
471 1340 660 1378 virtutum
691 1340 861 1391 exempla
891 1340 997 1379 modo
1022 1341 1062 1378 in
1087 1340 1165 1388 hoc,
1204 1339 1312 1377 modo
1337 1340 1377 1377 in
1401 1340 1467 1377 illo
1493 1340 1677 1389 scriptore

225 1400 481 1436 monstrantes
517 1411 676 1448 pravam
718 1400 902 1448 quandam
938 1402 977 1437 et
1011 1411 1035 1437 a
1069 1401 1285 1437 statuarum
1321 1399 1528 1437 artificibus
1568 1412 1678 1448 repu-

227 1457 369 1495 diatam
406 1457 579 1496 imitandi
619 1458 806 1496 rationem
842 1458 987 1496 docent.
1035 1460 1080 1495 ut
1116 1457 1177 1495 hic
1213 1458 1397 1506 magister
1437 1457 1519 1506 ipse
1551 1457 1678 1495 facere

227 1516 406 1564 exempla,
441 1530 517 1554 non
550 1517 676 1555 aliena
710 1517 910 1555 ostendere
940 1518 1103 1563 iubetur,
1140 1517 1198 1554 ita
1223 1516 1326 1554 Theo
1352 1510 1545 1565 discipulis
1570 1528 1680 1565 prae-

227 1575 330 1624 cipit,
367 1578 411 1613 ut
434 1589 510 1613 non
533 1576 641 1621 modo
667 1577 831 1615 virtutes
858 1577 1095 1625 antiquorum
1126 1576 1439 1624 contemplentur,
1475 1574 1541 1613 sed
1566 1576 1680 1613 etiam

226 1633 302 1683 ipsi
325 1634 489 1672 cottidie·
506 1635 702 1673 scribendo
728 1637 990 1683 exerceantur;
1028 1647 1101 1683 quo
1135 1634 1176 1671 in
1209 1637 1411 1684 praecepto
1439 1633 1678 1680 illustrando,

227 1694 272 1731 ut
296 1695 428 1731 auctor
452 1694 547 1732 artis
564 1693 828 1733 Herennianae
846 1694 1084 1744 sculptorum,
1112 1693 1170 1731 ita
1186 1693 1290 1731 Theo
1307 1694 1494 1743 pictorum
1510 1692 1679 1743 exemplo

228 1754 353 1791 utitur
377 1754 426 1804 (p.
449 1754 507 1800 61,
526 1754 547 1790 1
566 1753 665 1802 Sp.):
692 1756 764 1791 ἀλλ’
783 1756 894 1802 ὥσπερ
911 1755 976 1794 τοῖς
1003 1753 1191 1801 ζωγραφεῖν
1210 1753 1420 1801 βουλομένοις
1447 1751 1541 1788 οὐδὲν
1559 1752 1681 1801 ὄφελος

227 1816 398 1851 κατανοεῖν
430 1814 471 1850 τά
504 1829 539 1850 τε
565 1813 721 1850 Ἀπελλοῦ
752 1813 809 1850 καὶ
843 1812 1078 1861 Πρωτογένους
1109 1811 1166 1848 καὶ
1200 1810 1381 1860 Ἀντιφίλου
1413 1810 1504 1859 ἔργα,
1542 1810 1599 1847 ἐὰν
1633 1811 1679 1859 μὴ

227 1872 285 1910 καὶ
319 1872 412 1909 αὐτοὶ
447 1873 584 1921 γράφειν
617 1874 839 1921 ἐπιχειρῶσιν,
883 1872 968 1908 οὕτω
1001 1870 1056 1907 καὶ
1087 1872 1155 1911 τοῖς
1186 1869 1373 1918 ῥητορεύειν
1408 1869 1580 1917 μέλλουσιν
1606 1869 1682 1905 οὔτε

229 1940 291 1969 τῶν
317 1932 546 1980 πρεσβυτέρων
580 1933 611 1967 οἱ
645 1933 739 1978 λόγοι
765 1960 772 1968 .
802 1960 809 1968 .
837 1960 845 1968 .
874 1959 881 1968 .
909 1931 1002 1967 οὐδέν
1034 1931 1104 1965 ἐστι
1127 1930 1310 1977 χρήσιμον,
1348 1927 1406 1964 ἐὰν
1432 1928 1478 1976 μὴ
1503 1927 1561 1963 καὶ
1585 1927 1684 1968 αὐτὸς

230 1993 367 2032 ἕκαστος
391 1992 462 2031 ταῖς
487 1991 565 2027 καθ’
592 1990 733 2038 ἑκάστην
758 1991 887 2038 ἡμέραν
912 1990 1053 2038 γραφαῖς
1082 1987 1338 2035 ἐγγυμνάζηται.
1388 1987 1500 2036 paulo
1525 1987 1682 2036 propius

230 2050 280 2087 ad
303 2050 400 2087 artis
426 2049 686 2086 Herennianae
711 2048 1026 2098 comparationem
1050 2046 1195 2084 accedit
1214 2045 1367 2082 Horatii
1391 2045 1486 2082 artis
1512 2044 1683 2093 poeticae

230 2107 392 2156 initium,
418 2120 490 2158 quo
515 2109 639 2158 poeta,
666 2107 731 2157 qui
754 2107 877 2146 nescit
898 2118 1009 2145 unum
1034 2106 1075 2144 et
1097 2106 1221 2143 totum
1245 2115 1394 2154 ponere,
1420 2102 1485 2142 sed
1509 2102 1683 2141 variandi

231 2168 356 2206 studio
382 2168 516 2205 ductus
542 2168 766 2215 argumenta
800 2166 903 2204 inter
928 2179 967 2204 se
990 2178 1064 2203 non
1087 2163 1349 2202 convenientia
1380 2162 1555 2209 conserit,
1587 2175 1684 2200 com-

232 2231 392 2278 paratur
428 2240 511 2266 cum
545 2226 700 2276 pictore,
742 2226 807 2276 qui
842 2226 1007 2264 membra
1038 2223 1232 2263 variorum
1265 2221 1482 2260 anima-lium
1517 2221 1686 2271 turpiter

233 2287 304 2325 sibi
343 2286 520 2324 videatur
566 2286 607 2322 in
649 2298 761 2323 unum
790 2298 940 2335 ,corpus
986 2283 1209 2332 coniungere
1246 2294 1365 2331 posse.
1428 2281 1575 2318 omnino
1614 2280 1686 2319 hoc

234 2346 461 2395 scriptorum
485 2356 638 2394 operam
671 2357 754 2382 cum
787 2343 994 2382 artificibus
1020 2340 1260 2391 comparandi
1283 2352 1401 2390 genus
1425 2339 1501 2377 iam
1525 2340 1574 2378 ab
1598 2339 1686 2377 Ari-

234 2404 373 2442 stotele
397 2403 617 2441 institutum
639 2403 872 2441 tralaticium
897 2405 956 2440 est
979 2402 1020 2439 in
1038 2400 1233 2438 rhetorum
1249 2399 1395 2437 scholis,
1437 2398 1545 2436 velut
1569 2398 1687 2445 Quin-

336 2556 366 2593 1)
387 2554 493 2585 eadem
512 2562 573 2584 non
593 2553 693 2592 imago
714 2553 769 2584 sed
788 2553 942 2585 sententia
961 2551 1043 2592 apud
1060 2551 1188 2582 Dionem
1202 2550 1307 2588 Chrys.
1321 2557 1364 2580 or.
1379 2549 1511 2579 LXVIII
1524 2548 1654 2589 (XVIII)
1668 2550 1688 2579 8

230 2603 354 2647 Ὄμηρος
375 2605 404 2635 δὲ
425 2605 473 2635 καὶ
492 2608 605 2645 πρῶτος
624 2604 673 2634 καὶ
694 2605 776 2644 μέσος
796 2604 845 2634 καὶ
865 2603 982 2637 ὕστατος
996 2602 1076 2633 παντὶ
1088 2601 1165 2632 παιδὶ
1184 2601 1233 2631 καὶ
1252 2600 1330 2641 ἀνδρὶ
1349 2600 1399 2630 καὶ
1418 2600 1534 2641 γέροντι,
1554 2602 1687 2630 τοσοῦτον

235 2656 282 2696 ἀφ’
306 2657 393 2686 αὑτοῦ
414 2656 503 2688 διδοὺς
532 2655 596 2685 ὅσον
623 2655 739 2687 ἕκαστος
767 2653 880 2685 δύναται
908 2655 1011 2694 λαβεῖν.
1052 2655 1186 2683 ceterum
1206 2651 1245 2682 cf.
1266 2650 1459 2687 Hefermehl,
1489 2650 1569 2681 Mus.
1590 2650 1687 2680 Rhen.

235 2706 307 2737 LXI
328 2708 385 2738 287
397 2716 437 2738 ss.
