1951 2989
821 172 1060 209 -19-

213 272 308 314 Aeli,
342 270 403 308 cui
436 269 519 308 loco
552 269 720 308 auctoris
746 269 866 308 Caelii
888 281 1023 308 nomen
1046 268 1246 319 praemitti
1274 269 1434 319 propter
1466 266 1576 305 amici
1608 266 1672 304 ad-

210 328 437 368 locutionem
459 336 615 366 necesse
636 329 732 365 erat.
788 327 828 366 in
862 328 933 367 hac
962 328 1085 378 igitur
1118 327 1390 366 consuetudine
1415 327 1591 364 auctores
1614 327 1673 363 ta-

212 386 320 424 cendi
351 387 643 425 consentaneum
676 387 737 424 est
769 385 888 424 multo
922 386 1037 437 plura
1067 386 1191 424 latere
1225 385 1397 435 exempla
1423 397 1516 423 ¹eum
1549 383 1673 422 latina

211 447 296 484 tum
310 456 459 495 graeca,
485 444 534 482 ab
551 445 705 482 auctore
722 445 934 494 compilata,
961 457 1073 495 quam
1096 444 1218 484 adhuc
1241 444 1504 483 demonstrare
1519 443 1672 481 licebat.

307 503 390 541 Iam
422 514 513 541 vero
544 503 655 552 patet
688 502 879 541 doctorem
911 503 991 542 eius
1027 503 1312 550 adulescentuli,
1348 503 1413 553 qui
1444 502 1494 540 ad
1525 502 1673 540 dictata

211 561 389 612 magistri
413 560 642 600 scholastica
664 561 757 600 haec
781 562 1047 601 commentaria
1070 563 1305 612 conscripsit,
1338 565 1383 600 ut
1408 562 1486 600 arti
1509 573 1672 611 graecae

211 633 323 671 quam
357 619 536 669 exprimit
570 619 722 658 aliunde
755 621 916 660 inseruit
949 621 1056 660 illam
1088 621 1134 660 de
1166 621 1308 660 vitiosa
1338 620 1671 670 argumentatione

210 682 368 729 partem,
402 678 462 716 ita
496 679 847 717 commentationem
880 679 988 718 illam
1019 680 1067 718 de
1098 681 1204 718 recta
1236 680 1490 730 exemplorum
1519 679 1671 717 ratione

212 736 281 775 alii
314 736 481 783 auctori,
519 748 594 774 non
629 737 909 788 technographo
946 750 1056 788 quem
1090 738 1268 788 exprimit
1302 738 1449 777 debere.
1508 749 1669 787 graecus

213 795 312 835 enim
335 794 403 833 ille
425 794 567 843 rhetor,
601 796 667 845 qui
691 795 738 834 de
761 796 910 836 ratione
935 797 1188 847 exemplorum
1212 797 1436 847 disputavit,
1472 797 1669 846 antiquum

210 853 318 891 illum
352 866 462 891 usum
506 855 548 892 et
584 854 828 904 sophisticum
867 857 908 894 et
940 856 1237 894 Anaximeneum
1278 855 1450 905 exempla
1488 854 1669 905 gignendi

210 912 404 951 retinebat
428 914 470 951 et
494 912 787 960 commendabat,
823 926 942 964 neque
966 914 1119 952 dubium
1142 916 1204 953 est
1228 914 1320 964 quin
1343 915 1488 952 fuerint
1510 914 1667 953 helleni·

210 971 308 1010 stica
342 972 484 1018 aetate,
522 971 587 1021 qui
622 971 694 1009 hoc
717 971 759 1009 iu
790 984 929 1020 genere
956 972 1172 1011 inveniendi
1207 973 1351 1022 aliquid
1374 974 1617 1022 praestarent
1627 972 1666 1021 ¹).

209 1031 345 1068 contra
369 1029 502 1068 doctor
524 1029 680 1078 latinus,
705 1042 790 1068 cum
813 1032 936 1069 artem
958 1043 1142 1081 grmcam,
1180 1031 1220 1069 in
1250 1044 1325 1081 qua
1348 1031 1472 1070 aliena
1496 1031 1668 1081 exempla

209 1089 458 1138 ponebantur,
491 1088 613 1127 latine
647 1090 821 1128 verteret
854 1091 895 1128 et
925 1090 975 1127 ad
1005 1090 1102 1128 hanc
1125 1090 1402 1129 accommodare
1427 1090 1546 1128 vellet
1569 1090 1667 1128 alius

209 1147 377 1186 auctoris
411 1148 607 1187 contraria
641 1147 688 1187 de
720 1148 899 1198 exemplis
933 1151 1135 1199 praecepta
1170 1149 1335 1188 novandi
1369 1149 1494 1187 studio
1520 1149 1666 1195 ductus,

209 1206 419 1245 necessario
459 1207 499 1244 in
536 1218 698 1244 summas
733 1206 976 1245 difficultates
1015 1207 1190 1253 incurrit,
1231 1207 1331 1245 unde
1364 1209 1458 1246 nata
1498 1209 1558 1245 est
1597 1207 1667 1245 illa

211 1264 357 1303 omissis
382 1264 592 1304 nominibus
618 1264 821 1304 simulandi
844 1267 885 1304 et
908 1265 1108 1316 peculandi
1131 1266 1254 1315 (Marx
1276 1279 1312 1315 p.
1340 1266 1425 1314 115)
1448 1266 1561 1304 ratio.

306 1323 429 1361 Multo
453 1323 606 1361 maioris
640 1323 822 1361 momenti
852 1323 901 1361 ad
932 1323 1133 1361 historiam
1156 1324 1251 1361 artis
1276 1324 1489 1361 rhetoricae
1513 1336 1666 1372 cognos-

210 1380 364 1420 cendam
398 1385 460 1420 est
483 1381 610 1420 altera
633 1381 704 1420 illa
726 1381 830 1420 ratio
854 1381 980 1420 aliena
1003 1381 1176 1432 exempla
1203 1381 1472 1429 commendans,
1507 1394 1602 1432 quae
1626 1382 1668 1419 in

209 1441 296 1478 arte
311 1442 446 1479 nostra
460 1440 715 1490 impugnatur.
748 1440 876 1479 studia
890 1440 1066 1479 imitandi
1090 1442 1173 1479 tum
1199 1441 1372 1479 floruisse
1391 1453 1412 1478 e
1429 1441 1486 1488 §2
1502 1443 1551 1488 (v.
1563 1454 1599 1490 p.
1610 1441 1671 1487 11)

210 1498 398 1536 discimus.
423 1511 545 1548 neque
569 1499 722 1536 dubium
746 1500 817 1546 est,
852 1499 943 1548 quin
966 1498 1116 1547 antiqui
1139 1499 1255 1536 etiam
1277 1498 1515 1537 hellenistiea
1538 1500 1667 1536 aetate

209 1556 354 1606 aliquid
383 1556 588 1605 valuerint,
623 1557 791 1597 valuerit
827 1557 942 1596 etiam
977 1570 1115 1604 eorum,
1154 1557 1187 1596 si
1223 1570 1298 1595 non
1322 1557 1594 1596 Atticistarum
1627 1557 1667 1595 in

209 1615 358 1652 modum
391 1616 539 1664 μίμησις,
575 1618 617 1653 at
645 1617 744 1664 ζῆλος
754 1616 793 1664 ²).
829 1617 870 1653 et
893 1615 962 1654 illa
986 1616 1070 1665 ipsa
1094 1618 1285 1652 auctoritas
1309 1617 1534 1662 antiquorum
1559 1627 1666 1664 prae-

209 1668 359 1713 dicatur
382 1677 403 1722 ἓ
428 1674 492 1725 2⁸)
529 1674 576 1714 cf.
602 1675 637 1713 7.
672 1674 776 1714 inter
800 1674 987 1714 imitanda
1019 1676 1147 1714 autem
1172 1673 1345 1726 exempla
1368 1676 1559 1725 ponuntur
1584 1687 1665 1713 ora-

209 1735 312 1773 tores
338 1736 379 1773 et
402 1736 539 1784 poetae
564 1736 585 1783 §
608 1735 641 1772 1.
665 1735 688 1772 2
713 1734 793 1784 (ubi
817 1735 935 1773 etiam
955 1734 1101 1772 Ennius
1127 1736 1169 1773 et
1195 1734 1359 1772 Graccus
1383 1733 1667 1783 componuntur)

209 1795 230 1841 ξ
255 1793 290 1831 7.
315 1794 351 1840 8,
383 1793 448 1832 vel
472 1793 661 1832 orationes
686 1795 728 1832 et
750 1795 927 1844 poemata
950 1794 972 1841 ξ
996 1794 1020 1831 3
1045 1793 1103 1831 bis
1125 1794 1168 1841 '73
1195 1794 1216 1841 ξ
1241 1794 1266 1830 4
1289 1794 1472 1840 antiquum
1496 1796 1667 1829 oratorem

208 1855 271 1889 aut
298 1855 438 1899 poetam
472 1853 624 1890 laudant
657 1857 722 1890 aut
757 1855 993 1900 scripturam5
1026 1853 1047 1900 ὅ
1073 1853 1096 1890 7
1131 1852 1346 1891 oratoribus
1382 1857 1421 1890 et
1455 1852 1576 1901 poetis
1601 1851 1665 1889 ad-

208 1910 351 1949 duntur
373 1910 622 1949 historiarum
639 1910 856 1961 scriptores.
893 1912 935 1949 et
958 1910 998 1947 hi
1023 1911 1227 1960 scriptores
1252 1910 1403 1960 probati
1425 1910 1667 1948 nominantur

208 1970 228 2016 ς
254 1969 288 2006 1.
313 1969 338 2006 2
375 1970 646 2015 (probatissimo,
682 1982 707 2006 a
725 1970 991 2015 probatissimis
1023 1970 1222 2006 oratoribus
1254 1973 1317 2006 aut
1340 1970 1469 2015 poetis)
1497 1969 1531 2005 5.
1568 1968 1666 2005 unde

207 2027 358 2077 poetica
393 2027 564 2078 exempla
598 2026 782 2077 originem
815 2027 996 2067 duxerint
1030 2039 1148 2077 supra
1181 2027 1354 2067 vidimus.
1404 2027 1485 2077 ipse
1521 2028 1664 2074 auctor,

314 2177 345 2217 1)
365 2186 405 2209 ne
423 2177 507 2209 inter
525 2177 668 2210 metricos
689 2177 812 2218 quidem
831 2177 968 2217 deerant,
997 2177 1049 2217 qui
1069 2177 1254 2210 scholastica
1273 2180 1437 2209 metrorum
1457 2176 1597 2216 exempla
1615 2175 1669 2207 fin-

208 2231 332 2266 gerent3
365 2227 448 2267 quod
476 2228 762 2260 demonstraverunt
780 2229 833 2259 Fr.
854 2229 934 2266 Leo,
962 2228 1090 2259 Hermes
1110 2228 1213 2259 XXIV
1233 2230 1291 2258 287
1302 2237 1360 2264 ss.,
1391 2227 1469 2257 Abh.
1491 2227 1574 2257 δῦτε.
1596 2227 1666 2257 Ges.

207 2275 245 2306 N.
266 2276 301 2306 F.
334 2277 410 2308 vm
428 2278 447 2308 ὅ
481 2287 510 2316 p.
532 2279 620 2317 7ss.;
654 2278 690 2309 G.
711 2277 881 2322 Wissoya,
916 2276 1152 2315 Genethliacon,
1188 2277 1324 2308 Berolini
1352 2278 1428 2308 1910
1458 2286 1488 2315 p.
1509 2277 1548 2307 59
1563 2284 1604 2307 ss.
1625 2293 1665 2299 -

208 2328 344 2358 ceterum
356 2336 421 2359 mos
433 2327 488 2359 ille
503 2327 626 2359 nomina
639 2331 800 2360 auctorum
811 2327 965 2360 interdum
978 2327 1196 2368 praetereundi
1215 2336 1314 2367 neque
1334 2336 1354 2357 a
1372 2326 1548 2358 rhetoribus
1566 2335 1666 2365 neque

208 2384 228 2406 a
247 2376 383 2408 metricis
410 2377 528 2408 alienus
556 2380 604 2409 est
637 2378 725 2417 (Leo,
744 2378 873 2409 Hermes
893 2378 914 2408 1.
935 2387 961 2409 c.
988 2387 1018 2416 p.
1039 2379 1098 2408 287
1109 2386 1143 2415 s.,
1175 2377 1259 2408 Gott.
1279 2376 1392 2407 Nachr.
1426 2378 1502 2407 1899
1530 2385 1560 2415 p.
1583 2377 1666 2416 504).

208 2424 292 2456 velut
310 2425 462 2458 interdum
482 2427 676 2466 Aristoteles,
695 2427 871 2459 Demetrius
891 2427 959 2469 Περὶ
979 2427 1125 2469 ἑρμηνιίας
1145 2426 1267 2458 uomina
1287 2425 1408 2457 omittit.

308 2481 341 2521 2)
360 2481 574 2521 Wilmowitz,
594 2482 722 2514 Hermes
742 2482 868 2521 XXXV,
888 2484 927 2514 29
937 2482 968 2514 ff.

307 2537 341 2576 3)
360 2537 378 2576 ξ
391 2538 411 2568 4
423 2536 584 2577 legendum
596 2546 664 2569 cum
677 2537 699 2568 d
711 2537 848 2570 videtur:
861 2538 1041 2570 αασιονάιαεσ
1053 2537 1085 2576 (i.
1101 2546 1127 2568 e.
1142 2537 1337 2575 antiquorum
1351 2536 1665 2576 technographorum)

208 2591 398 2626 commovent,
428 2596 489 2618 non
508 2588 688 2620 auctoritate
706 2596 767 2619 sua
791 2592 974 2621 commovent
1002 2587 1062 2628 (sio
1081 2587 1100 2617 b
1121 2587 1133 2617 l
1154 2587 1262 2624 Marx,
1290 2584 1403 2617 desunt
1431 2586 1527 2617 verba
1556 2587 1589 2617 in
1609 2587 1666 2627 Μ).

210 2636 389 2670 auctoritate
416 2646 501 2670 vana
520 2637 680 2670 Friedrich
708 2647 812 2677 prave,
846 2648 945 2678 neque
974 2638 1053 2670 enim
1087 2640 1196 2669 auctor
1222 2636 1423 2668 imitationem
1457 2637 1579 2668 omnino
1612 2638 1666 2667 im-

161 2708 162 2711 *
209 2685 330 2722 probat.
