1951 2989
878 188 1113 225 ,10-

265 286 394 322 idonea
418 286 570 322 maxime
594 286 695 332 eliyit
722 287 763 323 et
788 285 836 323 ad
863 283 1014 335 singula
1037 287 1244 336 praecepta
1268 285 1403 332 refert,
1437 285 1469 324 is
1493 299 1646 326 necesse
1670 289 1731 326 est

265 344 323 381 rei
358 357 520 382 summus
556 343 699 381 artifex
724 343 785 381 sit.
812 366 859 371 —
885 344 1030 382 Contra
1064 344 1238 394 disputat
1270 345 1404 382 auctor
1438 344 1535 382 illud
1565 345 1732 396 eligendi

264 402 436 451 exempla
459 402 654 451 negotium
679 402 907 440 laboriosum
932 402 1081 452 quidem
1106 415 1199 450 esse,
1239 402 1305 440 sed
1337 402 1459 440 minus
1483 402 1731 442 artificiosum

263 472 375 510 quam
407 459 616 499 adversarii
647 462 813 499 censent.
864 462 1024 509 quisquis
1057 463 1151 498 enim
1185 462 1325 499 audivit
1354 461 1397 498 de
1421 465 1496 499 arte
1516 463 1627 508 paulo
1645 464 1732 509 plus

265 522 306 556 in
338 521 528 557 elocutione
557 522 781 567 praesertim,
814 522 935 558 onmia
966 521 1084 557 videre
1113 523 1246 567 poterit
1280 532 1366 567 quae
1390 532 1434 557 ex
1457 524 1535 558 arte
1559 521 1731 566 dicentur,

261 579 379 625 facere
405 591 504 615 nemo
523 580 658 625 poterit
680 579 755 615 m'si
780 579 943 616 eruditus
970 608 978 616 .
1005 607 1013 617 .
1042 607 1050 616 .
1078 607 1086 617 .
1112 579 1237 626 quodsi
1261 580 1489 626 artificiosum
1514 582 1566 617 est
1590 579 1727 617 intelle-

261 651 344 685 9ere
369 650 458 684 quae
483 639 558 674 sint
582 649 627 675 ex
650 641 728 674 arte
753 639 898 684 scripta,
924 639 1031 675 multo
1056 641 1108 675 est
1132 639 1362 684 artificiosius
1387 640 1503 684 ipsum
1520 639 1671 675 scribere
1687 650 1732 675 ex

264 699 353 732 arte.
405 695 583 733 similiter
608 708 632 733 a
657 695 839 733 Cicerone
864 695 922 734 De
948 697 1026 745 opt.
1051 708 1136 744 gen.
1164 698 1186 744 ξ
1205 697 1248 733 11
1278 695 1557 734 existimatores
1582 695 1731 735 intelle-

264 755 399 803 gentes
434 755 475 792 et
510 754 679 792 artifices
714 756 974 803 opponuntur:
1009 755 1073 791 sed
1106 757 1169 801 qui
1204 756 1276 792 dict
1309 767 1333 791 a
1365 755 1466 791 nobis
1501 756 1606 792 attico
1637 766 1731 792 more

264 813 400 857 nolunt,
438 814 510 859 ipsi
540 817 657 850 autem
688 825 725 850 se
756 825 827 850 non
859 817 1012 850 oratores
1036 825 1109 850 esse
1135 814 1361 859 profitentur,
1404 815 1438 849 si
1469 816 1593 850 teretes
1626 826 1732 851 aures

262 871 389 907 habent
422 871 695 918 intelleyensque
731 872 912 916 iudicium,
948 875 1126 918 tamquam
1159 873 1207 908 ad
1226 865 1405 918 picturam
1429 872 1645 917 probandam
1669 872 1733 909 ad—

262 931 427 967 hibentur
460 932 567 968 etiam
599 932 706 967 inscii
738 931 898 976 faciendi
932 943 1010 967 cum
1033 931 1158 977 aliqua
1181 931 1342 968 sollertia
1367 931 1553 967 iudicandi
1585 931 1649 978 (cf.
1673 931 1732 968 De

263 1002 316 1026 or.
342 989 406 1026 ΠΙ
430 989 503 1036 83).
554 989 654 1038 quod
677 988 807 1037 pergit
831 990 966 1026 auctor
990 991 1052 1035 qui
1076 990 1175 1025 enim
1199 989 1321 1025 scribit
1345 989 1543 1034 artificiose,
1577 989 1621 1025 ab
1645 989 1732 1025 aliis

265 1048 435 1085 commode
467 1048 599 1094 scripta
628 1047 735 1093 facile
765 1047 968 1094 intelleyere
992 1048 1125 1093 poterit
1132 1061 1145 1093 ‚·
1177 1049 1238 1094 qui
1265 1046 1368 1094 eliyet
1398 1047 1515 1094 facile,
1553 1059 1626 1084 non
1650 1059 1732 1085 con-

265 1108 366 1142 tinuo
399 1107 567 1142 commode
602 1108 676 1151 ipse
710 1106 848 1152 scribet,
884 1108 928 1143 ut
963 1105 1093 1142 videas
1128 1118 1239 1155 quam
1264 1105 1441 1143 concinne
1466 1117 1602 1154 graeco
1627 1117 1732 1143 more

264 1164 459 1202 contraria
492 1164 697 1203 contrariis
732 1166 981 1214 opponantur,
1016 1163 1296 1203 Alcidamantis
1329 1163 1451 1202 locum
1485 1165 1620 1212 forma,
1655 1178 1732 1203 non

264 1226 489 1272 argumento
526 1223 686 1260 similem
722 1223 888 1268 confero,
926 1223 984 1260 De
1022 1223 1126 1271 soph.
1166 1224 1187 1270 ξ
1212 1223 1236 1260 6
1273 1223 1387 1258 ἔπειτα
1421 1224 1489 1264 τοῖς
1527 1223 1585 1271 μὲν
1623 1223 1731 1270 λέγειν

265 1283 382 1323 δεινοῖς
408 1281 516 1324 οὐδεὶς
544 1282 582 1319 ἂν
609 1285 741 1331 φρονῶν
778 1282 987 1330 ἀπιστήσειεν
1025 1283 1071 1323 ὡς
1108 1282 1146 1318 οὐ
1184 1281 1297 1330 μικρὸν
1328 1281 1387 1330 τὴν
1420 1286 1480 1330 τῆς
1516 1286 1627 1331 ψυχῆς
1663 1283 1730 1325 ἕξιν

265 1342 588 1389 μεταρρυθμίσαντες
624 1342 777 1381 ἐπιεικῶς
812 1342 1126 1388 λογογραφήσουσι,
1169 1342 1237 1381 τοῖς
1276 1341 1313 1376 δὲ
1351 1340 1490 1389 γράφειν
1529 1341 1730 1389 ἠσκημένοις

263 1399 372 1440 οὐδεὶς
412 1400 449 1435 ἂν
486 1400 702 1436 πιστεύσειειν
745 1401 791 1440 ὡς
830 1399 895 1435 ἀπὸ
934 1403 992 1447 τῆς
1026 1399 1129 1447 αὐτῆς
1164 1399 1336 1447 δυνάμεως
1369 1398 1424 1435 καὶ
1457 1399 1564 1447 λέγειν
1600 1399 1665 1436 οἷοί
1700 1400 1729 1436 τ’
1760 1402 1763 1405 ’

263 1458 405 1494 ἔσονται.
439 1458 514 1498 τοὺς
542 1459 601 1505 μὲν
633 1458 697 1505 γὰρ
721 1458 763 1494 τὰ
787 1457 920 1506 χαλεπὰ
943 1462 1008 1493 τῶν
1034 1458 1141 1505 ἔργων
1167 1459 1397 1498 ἐπιτελοῦντας
1433 1459 1530 1504 εἰκός,
1566 1460 1644 1494 ὅταν
1676 1458 1731 1493 ἐπὶ

263 1515 305 1552 τὰ
341 1512 413 1564 ῥᾴω
454 1516 513 1564 τὴν
550 1518 686 1564 γνώμην
725 1517 992 1564 μεταστήσωσιν,
1036 1516 1187 1564 εὐπόρως
1232 1516 1530 1565 μεταχειρίσασθαι
1566 1515 1627 1564 τὴν
1663 1520 1730 1553 τῶν

263 1575 467 1622 πραγμάτων
504 1576 726 1623 ἀπεργασίαν·
763 1577 831 1615 τοῖς
868 1574 904 1610 δὲ
941 1574 983 1610 τὰ
1018 1571 1118 1622 ῥᾴδια
1153 1575 1434 1622 γεγυμνασμένοις
1469 1575 1639 1615 ἀντίτυπος
1673 1575 1730 1611 καὶ

263 1633 449 1680 προσάντης
481 1636 502 1681 ἡ
538 1637 604 1670 τῶν
638 1635 886 1682 χαλεπωτέρων
923 1633 1096 1680 ἐπιμέλεια
1130 1633 1330 1669 καθίσταται
1366 1633 1462 1680 (sim.
1488 1634 1509 1681 ξ
1533 1634 1567 1681 8,
1605 1633 1729 1683 prisco

263 1692 362 1730 enim
387 1705 487 1730 more
509 1692 727 1731 Alcidamas
754 1692 884 1730 eadem
909 1692 1100 1730 sententia
1132 1692 1173 1730 in
1196 1691 1308 1730 initio
1334 1693 1375 1730 et
1399 1692 1439 1730 in
1463 1692 1536 1730 fine
1561 1692 1730 1742 repetita

262 1753 412 1800 partem
438 1752 622 1789 orationis
649 1751 924 1789 circumscribit
949 1753 989 1789 et
1014 1751 1123 1800 quasi
1148 1751 1364 1800 concludit).

361 1810 550 1857 Additur,
589 1810 740 1849 etiamsi
776 1810 1006 1848 concedatur
1047 1810 1203 1848 artificii
1244 1822 1324 1848 esse
1366 1809 1508 1858 eligere
1545 1810 1727 1859 exempla,

262 1871 392 1906 tamen
408 1881 432 1905 a
448 1869 603 1906 rhetore
621 1868 810 1918 postulari
834 1868 974 1917 potius,
1001 1870 1046 1905 ut
1071 1869 1292 1917 comprobet
1317 1880 1357 1906 se
1382 1880 1429 1905 ex
1453 1869 1539 1905 arte
1566 1868 1730 1906 seribere

260 1940 382 1976 posse.
420 1931 593 1972 postremo
619 1930 658 1964 in
683 1940 721 1964 eo
745 1928 816 1963 vim
840 1928 985 1972 artificii
1010 1931 1227 1970 consumant,
1262 1931 1302 1963 ut
1333 1929 1404 1972 ipsi
1436 1927 1480 1962 ab
1505 1927 1591 1963 aliis
1608 1929 1730 1972 potius

260 1986 415 2032 eliqendi
426 1985 452 2032 ¹)
477 1998 582 2031 quam
606 1986 759 2022 aliorum
783 1986 863 2022 boni
887 1986 1067 2021 selectores
1092 1987 1351 2022 existimentur.
1393 1984 1628 2033 agnoscimus
1645 1984 1729 2026 rhe-

260 2046 383 2082 torem
409 2043 651 2093 antiquorum
673 2043 943 2082 auctoritatem
961 2043 1251 2089 detrectantem,
1278 2045 1323 2081 ut
1340 2043 1420 2093 ipse
1437 2043 1599 2092 palmam
1614 2043 1728 2091 ferat,

260 2116 345 2140 cum
370 2103 425 2140 eis
452 2105 674 2140 certantem.

357 2160 424 2199 III
458 2161 541 2199 Iam
565 2160 748 2199 refutatis
774 2159 1079 2199 adversariorum
1099 2160 1344 2209 argumentis,
1372 2160 1420 2198 ad
1447 2173 1534 2199 suas
1559 2161 1727 2199 rationes

260 2220 504 2270 explicandas
537 2220 678 2258 transit
714 2222 754 2258 et
787 2219 858 2257 hoc
891 2219 1012 2268 magis
1049 2220 1089 2256 in
1122 2218 1295 2267 eligendo
1329 2219 1622 2269 vituperandum
1645 2232 1728 2258 esse

261 2279 364 2326 dicit,
400 2278 501 2329 quod
536 2291 560 2317 a
593 2279 735 2326 multis,
773 2291 848 2316 non
883 2280 947 2330 ab·
965 2291 1040 2316 uno
1067 2280 1265 2316 sumantur
1291 2279 1471 2328 exempla.
1508 2291 1596 2317 nam
1622 2279 1655 2317 si
1680 2279 1728 2317 ab

260 2352 334 2376 uno
371 2339 496 2376 omnia
531 2338 702 2386 exempla
735 2339 969 2386 peterentur,
1006 2337 1156 2374 facilius
1189 2337 1363 2386 discipuli
1388 2338 1590 2375 crederent
1613 2350 1728 2374 unum

261 2410 387 2435 omnes
417 2397 587 2436 virtutes
616 2396 766 2446 assequi
794 2408 903 2446 posse
930 2398 971 2434 et
998 2395 1069 2434 hac
1098 2395 1271 2445 opinione
1296 2396 1347 2435 ad
1371 2396 1534 2435 alacrius
1561 2395 1729 2434 studium

260 2552 407 2591 telleyens.
450 2550 497 2582 Cf,
520 2560 599 2589 quae
618 2550 803 2582 Jahn-Kroll
824 2550 863 2582 ad
884 2551 901 2590 ξ
918 2552 975 2581 183
997 2550 1185 2588 collegerunt
1200 2553 1231 2582 et
1246 2550 1386 2590 Dionysii
1400 2550 1471 2581 Hal.
1487 2550 1535 2581 De
1551 2550 1647 2581 Thuc.
1668 2559 1693 2581 c.
1708 2552 1728 2581 4

261 2600 388 2631 artificis
409 2604 441 2631 et
461 2601 667 2639 intellegentis
687 2600 798 2630 iudicis
818 2601 991 2631 discrimen.

364 2650 394 2690 1)
425 2650 482 2682 hoc
510 2650 608 2682 minus
636 2650 752 2690 logice3
784 2660 844 2682 non
871 2651 933 2691 ipsi
959 2650 1096 2682 homines
1124 2650 1288 2689 eliguntur,
1321 2649 1376 2682 sed
1396 2659 1434 2681 ex
1456 2649 1601 2689 operibus
1622 2658 1727 2681 eorum
1753 2686 1755 2688 v

262 2701 410 2739 exempla.
1523 2731 1546 2749 ο
