1951 2989
926 189 1140 224 -4-

300 285 346 323 de
372 285 533 324 diversis
560 284 814 334 exemplorum
850 285 1063 324 rationibus
1101 285 1312 324 disserendi
1343 286 1480 333 utitur,
1517 298 1601 325 cum
1629 287 1670 325 in
1693 286 1762 325 hac

299 345 537 393 potissimum
571 344 669 382 artis
700 346 814 394 parte
838 344 1029 394 permulta
1053 344 1226 395 exempla
1257 356 1397 394 ponere
1430 357 1579 383 necesse
1610 346 1760 385 habeat.

298 405 426 442 tamen
460 403 545 442 veri
579 402 702 441 simile
740 415 821 441 esse
854 402 1008 442 videtur
1035 404 1158 442 totam
1181 402 1279 442 hanc
1303 403 1653 442 commentationem
1677 417 1762 443 acu·

298 463 484 501 tissimum
504 464 545 500 et
568 462 670 500 lectu
696 461 953 511 dignissimam
979 462 1067 500 olim
1091 475 1167 500 non
1191 463 1240 501 ad
1265 462 1382 501 solam
1407 463 1665 511 elocutionem,
1696 465 1762 503 sed

298 523 347 561 ad
363 525 486 561 totam
503 524 624 560 artem
641 521 882 571 pertinuisse.
907 521 1004 560 hanc
1027 521 1073 560 de
1098 522 1277 572 exemplis
1303 522 1609 562 dissertationem
1632 525 1761 562 utrum

297 582 516 621 adulescens
533 582 606 629 vel,
633 583 677 620 ut
694 582 834 620 rectius
851 581 982 628 dicam,
1010 581 1143 619 doctor
1158 581 1235 629 ille,
1258 582 1361 620 cuius
1379 582 1525 621 scholas
1542 583 1760 622 adulescens

298 642 446 680 Marxio
472 643 626 680 auctore
661 641 864 680 memoriae
898 641 1105 688 mandavit,
1139 654 1186 679 ex
1218 641 1347 680 eodem
1377 641 1486 679 fonte
1509 642 1608 680 unde
1632 644 1762 681 cetera.

296 714 346 739 an
371 700 523 738 aliunde
547 700 729 747 hauserit,
766 700 936 738 dubitari
967 701 1105 749 potest.
1156 712 1244 738 nam
1276 701 1376 750 quod
1406 704 1561 738 excusat
1585 701 1681 739 hanc
1705 702 1760 739 di-

295 760 528 809 gressionem
540 759 567 808 1)
606 761 646 798 et
684 760 731 797 ab
768 758 851 809 ipsa
887 760 972 797 arte
1010 758 1223 808 distinguit,
1259 759 1328 797 hoc
1361 758 1462 798 haud
1495 759 1571 798 scio
1604 772 1654 798 au
1677 773 1761 799 cum

295 819 424 869 aliqua
458 818 799 857 verisimilitudinis
836 818 959 866 specie
994 818 1050 855 ita
1083 817 1336 867 interpretari
1371 818 1486 855 liceat
1517 820 1562 856 ut
1595 819 1759 857 dicamus

296 890 380 915 eum
402 877 500 916 hanc
525 876 886 923 commentationem,
913 875 953 914 in
971 887 1044 926 qua
1059 876 1187 925 graeci
1203 876 1368 915 rhetoris
1391 876 1582 926 ingenium
1607 877 1761 928 agnosci

294 938 398 975 infra
435 938 654 984 videbimus,
692 936 844 974 aliunde
880 936 1141 985 depromptam
1177 936 1252 986 ipsi
1287 937 1366 974 arti
1400 936 1617 975 inseruisse.
1666 938 1759 977 haec

294 998 422 1034 autem
444 996 485 1033 in
509 997 711 1045 utramque
735 996 886 1044 partem
911 993 1122 1044 disputatio
1148 994 1300 1043 paribus
1326 995 1435 1044 quasi
1459 996 1655 1034 momentis
1681 1009 1759 1035 sus-

294 1068 421 1105 pensa,
457 1056 515 1093 ita
553 1055 737 1104 disposita
774 1056 843 1101 est,
883 1056 927 1092 ut
959 1053 1193 1103 argumentis
1227 1066 1355 1092 eorum
1381 1055 1445 1104 qui
1469 1057 1517 1094 ab
1542 1056 1757 1095 auctoribus

293 1115 466 1165 probatis
502 1116 657 1152 censent
692 1113 863 1162 exempla.
900 1113 1077 1150 sumenda
1115 1125 1196 1151 esse
1230 1115 1443 1163 opponatur
1467 1115 1606 1153 victrix
1631 1128 1757 1154 eorum

293 1175 394 1213 ratio
428 1174 494 1224 qui
518 1173 726 1224 postulant,
760 1175 806 1210 ut
831 1172 926 1210 artis
952 1172 1117 1222 scriptor
1142 1173 1204 1210 vel
1229 1173 1363 1211 doctor
1387 1173 1469 1223 ipse
1494 1187 1563 1212 sua
1587 1175 1757 1225 exempla

294 1235 426 1283 fingat.
477 1234 552 1271 iam
577 1235 779 1282 antequam
804 1234 929 1270 totam
956 1231 1052 1269 hanc
1077 1231 1374 1281 disputationem
1397 1233 1693 1282 interpretemur
1717 1236 1756 1272 et

294 1295 342 1331 ad
367 1305 542 1342 graecum
570 1295 762 1330 auctorem
787 1291 1007 1338 referamus,
1042 1290 1348 1340 investigandum
1373 1304 1455 1330 esse
1480 1293 1642 1340 videtur,
1669 1295 1757 1331 utra

294 1352 550 1403 exemplorum
586 1351 688 1390 ratio
723 1350 811 1388 inde
849 1352 898 1389 ab
930 1350 1051 1388 initiis
1086 1350 1184 1388 artis
1216 1350 1428 1389 rhetoricae
1463 1351 1564 1402 apud
1588 1351 1754 1391 Graecos

293 1413 469 1451 valuerit.
522 1424 597 1461 qua
633 1412 673 1448 in
710 1423 752 1448 re
791 1410 995 1449 cavendum
1029 1412 1090 1448 est
1122 1422 1170 1447 ne
1201 1410 1241 1447 in
1271 1423 1438 1448 errorem
1462 1411 1683 1449 inducamur
1708 1413 1755 1449 ab

293 1474 449 1510 auctore
484 1471 551 1521 qui
584 1471 605 1518 ξ
634 1470 654 1507 1
688 1472 831 1516 praeter
857 1469 1138 1506 consuetudinem
1167 1468 1381 1507 Graecorum
1406 1469 1483 1507 suis
1510 1482 1551 1510 se
1576 1470 1754 1520 exemplis

292 1531 351 1568 uti
368 1531 559 1579 gloriatur
583 1533 622 1567 et
648 1529 710 1576 §4
735 1528 964 1566 contrariam
989 1527 1097 1565 illam
1122 1540 1234 1577 quam
1257 1528 1337 1578 ipse
1355 1529 1554 1578 impugnat
1569 1530 1755 1568 rationem

293 1589 529 1628 extrinsecus
566 1587 738 1637 exempla
771 1586 966 1636 repetendi
1001 1586 1232 1624 auctoritate
1264 1599 1391 1625 eorum
1416 1588 1489 1625 niti
1521 1590 1660 1635 censet,
1693 1591 1755 1635 qui

292 1653 325 1686 et
349 1650 547 1686 inventores
572 1649 679 1684 huius
704 1646 851 1692 artificii
872 1646 1009 1692 fuerint
1033 1649 1066 1683 et
1090 1649 1260 1683 vetustate
1283 1647 1356 1683 iam
1381 1647 1470 1684 satis
1494 1648 1652 1684 omnibus
1671 1659 1754 1693 pro·

293 1710 375 1753 bati,
400 1709 440 1746 in
464 1708 539 1746 fine
562 1706 684 1745 totius
711 1705 980 1755 disputationis
1005 1706 1026 1753 ξ
1053 1705 1100 1742 10
1125 1717 1206 1743 eam
1232 1705 1389 1745 Graecis
1413 1706 1562 1744 tribuit.

388 1768 505 1806 Immo
541 1766 635 1804 haec
670 1765 717 1803 de
743 1764 900 1803 Graecis
935 1764 1155 1803 testimonia.
1174 1765 1260 1803 ,nisi
1285 1764 1325 1802 in
1348 1767 1520 1815 tempora
1543 1766 1754 1805 Aristotele

292 1827 506 1876 posteriora
529 1838 606 1864 non
630 1824 782 1870 cadunt,
810 1823 1043 1873 antiquiores
1070 1825 1198 1862 autem
1230 1823 1405 1862 rhetores
1430 1836 1475 1862 ea
1499 1824 1583 1874 ipsa
1605 1826 1754 1864 ratione

291 1887 518 1929 utebantur,
554 1897 665 1934 quam
701 1883 808 1933 quasi
842 1895 866 1921 a
900 1896 938 1921 se
972 1884 1151 1922 novatam
1183 1895 1207 1921 a
1245 1885 1441 1922 vetustate
1476 1883 1637 1923 alienam
1673 1897 1755 1923 esse

291 1945 487 1995 praedicat
512 1944 645 1982 rhetor
670 1943 814 1981 latinus
824 1942 863 1990 2).
900 1944 1050 1980 constat
1076 1942 1174 1980 enim
1201 1942 1381 1980 Coracem
1406 1943 1576 1992 exempla
1592 1943 1753 1991 finxisse,

290 2005 425 2054 quibus
467 2001 758 2053 argumentandi
795 2001 980 2039 rationem
1021 2001 1212 2051 discipulis
1250 2001 1469 2040 ostenderet
1478 2000 1506 2050 8)
1518 2030 1527 2048 ,
1570 2001 1755 2052 Gorgiam

290 2075 501 2102 communes
518 2063 621 2100 locos
653 2061 901 2110 composuisse
911 2061 952 2109 ⁴¹).
988 2063 1029 2099 et
1053 2061 1231 2100 habemus
1249 2060 1500 2111 Antiphontis
1526 2063 1608 2099 tres
1634 2063 1753 2100 tetra-

393 2178 423 2217 1)
452 2177 562 2208 Verbis
584 2177 618 2207 in
638 2176 849 2215 superionbus
877 2176 962 2207 libris
982 2176 1062 2206 mm
1080 2185 1177 2215 neque
1197 2179 1269 2207 ante
1290 2184 1353 2207 rem
1372 2184 1469 2215 neque
1484 2179 1608 2215 praeter
1627 2185 1689 2207 rem
1710 2177 1751 2207 lo-

290 2229 353 2261 cuti
372 2238 479 2259 sumus
500 2236 645 2258 excursus
665 2226 820 2257 notionem
834 2225 988 2257 describit.
1024 2235 1085 2264 qua.
1098 2226 1131 2257 in
1145 2226 1427 2265 circumscriptione
1440 2234 1583 2264 graecum
1597 2227 1754 2266 exemplar

289 2279 446 2318 sequitur,
476 2288 503 2309 v.
524 2279 715 2317 Anonymum
743 2277 962 2316 Seguerianum
993 2276 1159 2316 (Graeveni
1188 2276 1368 2315 Cornutum)
1398 2276 1417 2315 5
1438 2277 1486 2307 58.
1507 2278 1546 2308 59
1574 2278 1753 2319 προδιήγησις

291 2331 341 2368 μέν
362 2331 444 2366 ἐστιν,
473 2328 541 2358 ὅταν
569 2328 638 2368 πρὸ
667 2328 784 2357 αὺτοῦ
811 2329 876 2357 τοῦ
896 2328 1117 2368 πράγματος
1145 2326 1249 2361 ἔξωθεν
1270 2327 1362 2367 ἔτερόν
1382 2338 1409 2356 τι
1429 2327 1632 2368 διηγησώμιθα
1653 2351 1661 2358 .
1684 2351 1690 2358 .
1713 2351 1721 2358 .
1744 2351 1750 2358 .

289 2381 492 2421 παραδιήγησις
513 2379 542 2409 δὲ
564 2378 631 2409 ὅταν
657 2379 738 2419 παρ’
766 2377 857 2407 αὐτὸ
883 2378 924 2407 τὸ
945 2381 1096 2418 πρᾶγμα
1118 2377 1198 2418 ἕτερα
1219 2376 1430 2418 ὃιηγησὼμεθα.
1452 2394 1490 2401 -
1511 2377 1602 2408 aliter
1622 2377 1683 2409 Cic.
1705 2378 1752 2408 De

290 2440 333 2461 or.
354 2432 384 2461 II
398 2433 456 2461 307
477 2434 512 2462 ut
525 2429 647 2469 aliquid
667 2432 739 2460 ante
757 2438 820 2460 rem
840 2428 976 2460 dicamus
997 2427 1186 2466 prooemium
1206 2427 1254 2458 his
1272 2427 1373 2458 verbis
1394 2427 1578 2466 significans.
1618 2428 1692 2459 item
1711 2429 1750 2459 ab

290 2484 358 2512 arte
371 2480 569 2512 Herenniana
582 2479 685 2511 aliena
705 2481 753 2510 est
770 2478 924 2509 distinctio
945 2478 1001 2508 illa
1021 2480 1268 2516 argumentorum
1287 2480 1360 2508 ante
1379 2486 1452 2516 rem,
1473 2478 1506 2508 in
1525 2487 1568 2517 re,
1589 2481 1661 2517 post
1677 2487 1751 2516 rem,

290 2531 375 2562 cuius
397 2530 537 2569 exempla
558 2529 683 2568 collegit
703 2528 840 2567 Str-iuer,
863 2527 960 2559 Bresl.
981 2527 1088 2566 philol.
1110 2527 1188 2558 Abh.
1210 2527 1224 2558 Ι
1244 2529 1263 2558 2
1284 2537 1313 2566 p.
1329 2528 1377 2558 45.
1419 2527 1473 2559 alii
1493 2527 1574 2559 enim
1592 2527 1625 2558 in
1646 2527 1752 2559 eadem

289 2590 325 2612 re
344 2581 467 2612 termini
486 2581 632 2620 leguntur
652 2579 693 2611 ad
713 2579 786 2610 Her.
808 2579 837 2610 11
857 2579 874 2618 ξ
895 2581 923 2609 8.

389 2632 421 2671 2)
443 2631 584 2670 Spengel,
607 2630 761 2671 Συναγωγή
783 2639 813 2668 p.
830 2631 876 2660 19.
1099 2629 1131 2668 3)
1153 2638 1178 2659 v.
1201 2628 1418 2660 Anaximenem
1438 2637 1538 2659 meum
1557 2638 1587 2667 p.
1602 2630 1638 2659 31
1656 2637 1696 2660 ss.

389 2683 422 2721 4)
444 2681 504 2712 Cic.
527 2681 642 2713 Brutus
663 2682 712 2713 46.
733 2681 772 2711 47
794 2679 833 2711 cf.
853 2680 948 2711 Arist.
971 2679 1063 2718 Soph.
1084 2679 1122 2710 el.
1143 2680 1182 2710 32
1203 2688 1232 2717 p.
1250 2679 1337 2710 183b
1355 2680 1394 2710 38
1405 2687 1462 2717 ss.;
1484 2678 1602 2710 Gercke
1621 2679 1749 2710 Hermes

288 2732 405 2763 XXXII
426 2734 485 2763 344
495 2741 535 2765 ns.
