1951 2989
897 174 1140 211 -14-

283 273 441 310 tilianus
467 272 549 310 XII
575 273 633 318 10,
660 273 682 309 3
697 285 746 310 ss.
780 272 928 310 dicendi
962 284 1106 321 genera
1136 285 1221 309 cum
1252 272 1461 321 pictoribus
1486 274 1528 310 et
1551 274 1750 312 statuariis

284 332 481 380 comparat
492 331 533 379 ¹).
582 330 738 380 gravius
764 332 836 377 est,
872 330 973 380 quod
1007 330 1043 369 ei
1075 330 1252 369 rhetores
1285 330 1352 380 qui
1381 330 1523 368 multos
1547 332 1751 382 scriptores

284 389 488 428 imitandos
513 391 788 440 proponebant,
824 389 900 440 ipsi
935 401 1081 440 quoque
1114 389 1164 428 ad
1196 402 1301 428 suam
1323 388 1511 428 rationem
1534 390 1752 430 confirman-

284 448 371 485 dam
405 448 503 486 artis
536 447 784 486 similitudine
815 460 904 486 usos
938 460 1020 486 esse
1045 447 1199 485 aliunde
1221 449 1353 485 notum
1378 448 1450 485 est.
1499 447 1541 484 in
1565 450 1752 498 excerptis

283 506 466 556 Dionysii
491 506 538 545 de
561 506 777 545 imitatione
801 505 986 545 librorum
1010 505 1177 544 imitatio
1202 506 1444 556 antiquorum
1465 505 1686 555 postulatur
1712 509 1753 546 et

284 566 462 604 Zeuxidis
495 566 664 615 exemplo
700 567 980 615 comprobatur,
1016 565 1082 614 qui
1115 564 1302 603 Helenam
1332 565 1492 615 pingens
1517 564 1751 603 crotoniatis

284 625 494 674 persuasit,
539 626 584 662 ut
620 624 893 674 pulcherrimas
931 624 1100 673 virgines
1138 623 1258 662 nudas
1295 622 1518 673 spectandas
1556 622 1629 661 sibi
1665 635 1751 674 per-

283 684 502 723 mitterent:
529 685 548 721 ὃ
574 684 604 721 δ’
630 684 672 733 ἦν
698 684 787 726 ἄξιον
812 689 890 734 παρ’
911 684 1035 733 ἑκάστῃ
1061 687 1206 733 γραφῆς,
1232 684 1267 726 ἐς
1295 684 1371 733 μίαν
1395 683 1568 733 ἠθροίσθη
1593 684 1751 732 σώματος

284 745 400 780 εἰκόνα
424 746 489 780 κάκ
514 746 648 779 πολλῶν
684 748 794 792 μερῶν
830 746 994 791 συλλογῆς
1020 744 1054 779 ἕν
1079 757 1110 779 τι
1135 744 1318 792 συνέθηκεν
1342 745 1365 790 ἡ
1390 744 1492 790 τέχνη
1519 743 1643 779 τέλειον
1669 743 1751 779 κάλ-

285 804 362 844 λους
389 801 477 844 εἶδος
491 801 529 851 π).
579 805 754 851 τοιγαροῦν
779 801 919 851 πάρεστι
953 801 1008 838 καὶ
1034 801 1086 838 σοὶ
1113 831 1121 839 .
1139 832 1147 840 ,
1168 831 1175 840 .
1195 831 1203 839 .
1230 801 1286 839 τὸν
1310 806 1369 850 τῆς
1398 801 1610 849 πολυμαθίας
1635 801 1751 850 ἔρανον

285 862 476 909 συλλέγοντι
511 862 572 898 οὐκ
605 862 751 910 ἐξίτηλον
784 862 898 911 χρόνῳ
923 861 1148 910 γενησομένην
1182 861 1294 897 εἰκόνα
1318 863 1451 908 τυποῦν,
1484 861 1559 896 ἀλλ’
1584 859 1751 897 ἀθάνατον

284 921 405 969 τέχνης
440 921 560 961 κάλλος
598 922 646 969 (p.
674 921 757 967 203,
776 921 824 957 15
847 933 897 958 ss.
923 919 1119 968 Us.-Rad.)
1128 919 1165 967 ³).
1227 920 1383 957 eundem
1415 919 1593 967 Dionysii
1629 919 1751 956 locum

288 979 473 1017 Maximus
504 979 691 1017 Planudes
727 979 870 1028 partim
904 978 1117 1017 accuratius
1154 978 1383 1028 excerpsisse
1419 977 1582 1016 videtur.
1642 990 1751 1027 quem

286 1039 410 1076 locum
433 1038 497 1087 (fr.
516 1038 573 1076 VI
581 1050 604 1075 a
628 1051 664 1087 p.
683 1038 756 1075 214
781 1038 978 1086 Us.·Rad.)
1001 1037 1132 1084 affero,
1158 1038 1248 1087 quia
1271 1037 1331 1075 hic
1354 1039 1543 1075 momenta
1559 1037 1752 1075 contraria

287 1097 528 1135 similitudini
552 1097 592 1134 in
609 1096 829 1135 Rhetoricis
852 1096 1103 1135 Herennianis
1128 1096 1321 1135 adhibitae
1346 1096 1558 1135 accuratius
1583 1095 1751 1146 agnosci-

286 1169 379 1204 mus,
417 1169 501 1194 cum
537 1158 696 1206 uterque
737 1156 890 1206 singula
925 1157 1091 1194 membra
1127 1156 1295 1206 corporis
1304 1155 1334 1205 ⁴)
1371 1157 1651 1194 commemoret:
1691 1156 1751 1204 ἀφ’

285 1216 429 1263 ἑκάστης
460 1215 497 1251 τὸ
528 1219 595 1251 τῶν
630 1217 741 1263 μελῶν
768 1216 968 1264 μιμούμενος
992 1215 1179 1261 κάλλιστον,
1214 1220 1273 1263 τῆς
1300 1215 1358 1263 μὲν
1384 1215 1594 1263 ὀφθαλμούς,
1627 1219 1687 1262 τῆς
1713 1214 1750 1249 δὲ

287 1275 370 1322 ῥῖνα7
401 1278 460 1322 τῆς
486 1273 524 1310 δὲ
550 1274 680 1322 ὀφρύας
704 1273 759 1309 καὶ
786 1275 843 1310 ἀπ’
869 1273 972 1324 ἄλλης
998 1273 1081 1310 ἄλλο
1106 1273 1200 1322 (οὐδὲ
1225 1273 1289 1322 γὰρ
1311 1274 1351 1322 ἦν
1369 1273 1501 1314 ἁπάσας
1525 1272 1613 1310 καλὰ
1638 1273 1749 1321 φέρειν

285 1331 326 1368 τὰ
351 1332 485 1380 πάντα),
518 1332 691 1368 κάλλιστον
716 1331 806 1373 εἶδος
832 1334 1090 1381 ἀπηκριβώσατο
1115 1332 1279 1380 (confert
1302 1332 1528 1370 homericam
1551 1332 1749 1381 Agamem-

284 1391 394 1428 nonis
419 1390 710 1440 descriptionem
737 1391 770 1427 B
795 1391 878 1429 478.
904 1391 1002 1438 479).
1052 1390 1173 1428 multo
1201 1390 1323 1440 magis
1349 1392 1570 1428 exornatam
1594 1389 1750 1428 eandem

286 1448 332 1486 de
349 1449 515 1487 Zeuxide
539 1449 740 1488 historiam
764 1449 889 1499 lepide
913 1451 1071 1488 enarrat
1088 1449 1220 1487 Cicero
1237 1449 1424 1499 prolaliae
1440 1449 1522 1486 loco
1539 1449 1693 1487 ineunte
1709 1448 1750 1485 ΙΙ

285 1508 578 1546 Rhetoricorum
593 1508 694 1546 libro
708 1508 749 1556 ⁶).
774 1509 856 1556 ipse
873 1512 998 1546 autem
1017 1508 1210 1557 exemplar
1226 1520 1415 1556 graecum,
1441 1508 1540 1556 quod
1560 1507 1750 1545 rhetorem
1812 1558 1814 1560 ‚

285 1578 333 1604 ex
364 1566 516 1616 optimis
542 1566 791 1617 scriptoribus
817 1566 987 1617 exempla
1010 1566 1200 1605 virtutum
1224 1566 1464 1616 colligentem
1487 1578 1569 1604 cum
1585 1565 1750 1604 Zeuxide

388 1694 418 1732 1)
439 1692 480 1723 ad
493 1693 566 1724 Her.
584 1693 627 1724 IV
647 1693 664 1732 ξ
682 1695 718 1724 16
740 1692 913 1724 distinctam
933 1693 1025 1724 sicuti
1044 1693 1195 1724 coloribus
1217 1716 1224 1723 .
1240 1716 1247 1723 .
1263 1715 1271 1723 .
1293 1692 1460 1724 orationem
1479 1702 1506 1722 v.
1521 1691 1635 1722 Stroux
1654 1701 1685 1731 p.
1699 1693 1747 1729 96,

286 1744 347 1773 Cic.
369 1743 417 1773 De
438 1752 482 1774 or.
496 1743 542 1773 111
556 1744 595 1774 26
616 1743 731 1773 Brutus
752 1746 792 1774 70
820 1743 932 1774 Orator
952 1743 1012 1774 5ff.
1034 1743 1074 1774 cf.
1096 1743 1188 1774 etiam
1209 1743 1399 1774 Demetrium
1418 1743 1436 1782 ς
1456 1744 1504 1773 76.
1526 1742 1589 1773 alia
1608 1742 1749 1781 exempla

285 1793 410 1831 collegit
424 1793 571 1830 Brzoska,
592 1793 640 1823 De
662 1802 778 1824 canone
799 1793 902 1823 decem
922 1796 1079 1824 oratorum
1097 1793 1269 1824 Atticorum
1282 1792 1490 1823 Vratislaviae
1513 1793 1588 1822 1883
1609 1802 1639 1831 p.
1654 1793 1692 1823 69
1706 1800 1747 1822 ss.

285 1845 322 1873 81
334 1852 374 1873 ss.
417 1843 449 1873 O.
470 1843 600 1881 Robert,
620 1843 879 1881 Archaologische
899 1844 1048 1874 Marcheu
1067 1853 1097 1882 p.
1112 1844 1151 1874 47
1163 1852 1203 1874 ss.

385 1893 419 1932 2)
446 1893 568 1926 ’κάλλους
596 1892 668 1926 εἶδος
699 1892 822 1931 scripsi:
856 1893 955 1925 καλὸν.
987 1893 1047 1923 ἰδοὺ
1079 1892 1185 1932 codex,
1221 1892 1335 1932 [καλὸν]
1365 1892 1437 1926 εἶδος
1468 1901 1537 1922 cum
1561 1891 1748 1930 Kiesslingio

282 1943 409 1974 Usener.

384 1994 417 2032 3)
438 1993 544 2024 subest
568 1993 619 2023 hic
640 1993 751 2034 φΰσεως
772 1996 802 2024 et
823 1995 923 2035 τέχνης
952 1994 1151 2032 comparatio,
1180 1994 1219 2025 de
1239 2002 1301 2032 qua
1320 1993 1404 2024 infra
1423 2001 1555 2032 agemus.
1589 1992 1696 2024 eadem
1716 1992 1749 2022 in

283 2043 462 2074 narratione
491 2043 628 2074 eiusdem
652 2043 801 2074 historiae
821 2043 904 2082 apud
924 2044 986 2074 Cic.
1008 2043 1099 2074 Rhet.
1128 2044 1159 2073 11
1179 2045 1198 2074 3
1218 2043 1388 2074 invenitur:
1415 2052 1512 2083 neque
1532 2044 1611 2074 enim
1626 2043 1750 2082 putavit

283 2093 396 2132 omnia,
418 2103 497 2133 quae
516 2097 675 2134 quaereret
694 2093 738 2124 ad
757 2097 950 2133 venustatem,
981 2094 1017 2124 in
1037 2102 1160 2133 corpore
1179 2102 1244 2125 uno
1263 2103 1295 2125 se
1313 2093 1445 2133 reperire
1460 2102 1551 2133 posse
1569 2092 1647 2132 ideo,
1667 2092 1750 2133 quod

282 2144 363 2175 nihil
382 2144 515 2183 simplici
533 2145 568 2175 in
581 2153 689 2185 genere
710 2144 848 2175 omnibus
878 2154 915 2175 ex
931 2145 1077 2184 panthus
1094 2143 1261 2182 pedet-tum
1280 2148 1397 2175 natura
1417 2145 1560 2184 expolivit
1590 2143 1630 2174 cf.
1650 2143 1748 2174 Maxi-

283 2203 364 2224 mum
385 2193 554 2224 Planudem
574 2194 730 2233 (Dionysii
750 2193 789 2223 fr.
810 2194 853 2224 VI
861 2194 893 2233 a)
914 2194 980 2224 οὺδὲ
1001 2196 1053 2235 γὰρ
1073 2195 1110 2235 ἦν
1131 2194 1239 2227 ἁπάσας
1259 2195 1334 2224 καλὰ
1354 2195 1446 2236 φέρειν
1465 2195 1502 2224 τὰ
1520 2195 1620 2224 πάντα.

382 2244 416 2283 4)
445 2243 620 2274 confirmari
647 2243 743 2283 igitur
762 2243 892 2283 Kayseri
921 2243 1068 2274 iudicium
1096 2243 1217 2275 videtur
1246 2244 1378 2283 „Cornifi
1406 2253 1464 2284 pro
1483 2243 1585 2275 lubitu
1605 2243 1747 2275 membris

283 2303 371 2324 suum
391 2293 540 2324 artificem
560 2293 738 2331 attribuit“;
767 2302 836 2324 nam
864 2294 896 2324 in
922 2294 996 2324 solis
1016 2294 1119 2325 verbis
1141 2297 1249 2332 pectus
1269 2295 1470 2334 Polycletium
1490 2293 1608 2332 aliquid
1628 2293 1748 2324 consilii

282 2344 384 2374 inesse
404 2344 548 2374 conicias.

383 2395 416 2434 5)
445 2397 549 2425 cetera
574 2394 753 2426 testimonia
781 2393 904 2434 collegit
924 2395 1041 2433 Brunn,
1073 2394 1182 2426 Gesch.
1208 2394 1263 2426 der
1290 2395 1404 2435 griech.
1425 2394 1573 2426 Kiinstler
1592 2393 1642 2425 11¹
1662 2394 1702 2424 54
1712 2402 1747 2432 s.,

283 2444 337 2481 qui
350 2444 476 2474 fabulae
489 2444 537 2474 illi
551 2444 621 2482 plus
637 2452 737 2481 aequo
750 2444 887 2475 tribuere
905 2443 1036 2475 videtur.
1072 2453 1185 2482 operae
1205 2448 1307 2476 autem
1327 2445 1460 2483 pretium
1481 2444 1585 2481 faciet,
1607 2443 1660 2482 qui
1679 2452 1747 2482 per-

282 2493 422 2532 volgatas
443 2493 500 2524 has
520 2493 560 2524 de
580 2493 732 2524 artificum
753 2493 846 2524 claris
860 2493 1005 2532 operibus
1020 2492 1142 2524 fabulas
1156 2493 1331 2533 collegerit3
1353 2502 1433 2532 quae
1445 2493 1570 2525 Vasarii
1581 2492 1747 2524 histor-iun-

282 2543 360 2573 culis
389 2542 571 2581 quibusdam
602 2543 717 2575 similes
737 2542 879 2574 videntur
905 2552 1004 2581 neque
1029 2544 1186 2582 pertinent
1212 2544 1254 2575 ad
1272 2553 1376 2575 veram
1401 2544 1478 2575 artis
1503 2543 1665 2574 historiam
1694 2542 1747 2582 (de

282 2601 344 2629 qua
357 2601 458 2631 nuper
470 2593 533 2631 egit
545 2592 701 2631 Pasquali,
721 2593 849 2624 Hermes
862 2593 994 2624 XLVIH
1010 2594 1066 2624 162
1078 2593 1132 2633 s.);
1154 2593 1208 2624 sed
1229 2594 1302 2633 quia
1321 2594 1411 2633 vulgo
1429 2596 1522 2624 notae
1535 2595 1632 2631 eraut,
1654 2595 1748 2631 aptae

282 2641 468 2673 videbantur
484 2643 668 2683 rhetoribus,
691 2643 803 2682 quibus
817 2643 1011 2682 eloquentiae
1025 2643 1157 2675 artificia
1169 2644 1409 2676 illustrarentur.
1432 2661 1469 2667 —
1494 2643 1688 2675 Conuarium
1699 2643 1748 2674 illi

282 2691 321 2722 de
334 2691 479 2723 Zeuxidis
501 2692 626 2724 fabulae
647 2696 678 2724 et
698 2693 812 2724 rectius
834 2693 872 2724 de
893 2696 962 2724 arte
982 2693 1127 2724 iudicium
1147 2694 1284 2725 invenias
1305 2694 1338 2724 in
1359 2694 1515 2725 Ciceronis
1535 2693 1676 2724 Oratoris
1696 2693 1747 2732 §9
