1951 2989
834 219 1074 254 -17-

227 320 271 354 ut
287 316 327 353 in
343 314 568 364 praeceptis,
593 314 652 351 ita
676 314 792 351 etiam
815 314 855 352 in
880 315 1059 364 exemplis
1080 314 1221 363 pendet
1237 314 1457 363 plerumque
1474 326 1499 351 a
1515 314 1684 352 Graecis.

227 386 319 424 quos
345 385 427 411 cum
452 372 631 410 acerrimo
657 371 741 409 odio
765 372 984 419 insectetur,
1016 373 1167 411 nomina
1191 386 1320 411 eorum
1346 373 1500 411 silentio
1524 372 1683 423 premit;

227 432 397 481 exempla
430 433 557 468 autem
590 442 727 478 graeca
757 431 807 469 ad
830 434 984 470 verbum
1019 432 1283 482 compilantem
1307 432 1372 470 vel
1396 431 1684 481 paraphrastice

226 502 347 540 pauca
377 489 637 527 immutantem
665 488 784 527 latine
821 492 985 538 vertere,
1023 491 1093 529 hoc
1128 491 1164 529 ei
1187 493 1247 530 est
1284 503 1353 529 sua
1387 490 1560 541 exempla
1596 503 1684 540 pro-

226 561 356 587 creare
368 548 405 596 ¹).
448 548 619 596 exempla
635 548 759 585 aliena
774 550 945 597 proferre
963 550 1003 587 in
1027 550 1133 588 vitiis
1159 550 1397 587 illustrandis
1422 563 1499 587 non
1525 551 1683 587 veretur

329 678 359 716 1)
379 678 424 708 eis
445 686 523 715 quae
544 677 682 708 Marxius
703 687 733 715 p.
750 680 810 713 114Δ
827 682 859 708 et
878 680 910 709 in
931 679 1179 709 adnotationibus
1201 680 1387 717 comparavit
1400 679 1519 716 graecis
1534 678 1681 716 exemplis

227 727 373 758 nonnulla
392 726 523 756 addam:
546 726 586 756 ad
605 726 678 757 Her.
700 726 742 756 1v
756 729 795 757 24
816 728 931 766 optima
950 728 1071 760 vivendi
1089 728 1171 760 ratio
1190 732 1234 760 est
1254 729 1407 768 eliqenda;
1428 738 1494 759 eam
1513 727 1681 759 iucundam

226 777 413 809 maudo
430 776 542 814 reddet,
573 776 702 807 Ioannes
724 776 872 808 Stobaeus
893 778 938 808 m
961 781 987 817 l,
1009 780 1047 809 29
1067 788 1098 817 p.
1115 780 1161 816 14,
1178 781 1192 808 1
1205 779 1243 809 Η.
1274 778 1440 819 Πυθαγόρας
1467 779 1522 819 ἔφη
1552 778 1594 808 ὅτι
1622 779 1678 819 χρὴ

228 828 287 867 βίον
308 826 445 867 αἱρεῖσθαι
464 827 513 856 τὸν
534 827 661 866 ἄριστον·
688 826 757 866 ἡδὺν
782 828 833 867 γὰρ
854 828 940 857 αὑτὸν
959 829 978 869 ἡ
1000 829 1131 868 συνήθεια
1150 829 1258 869 ποιήσει
1278 829 1343 859 sim.
1365 830 1413 867 29,
1433 830 1479 859 99.
1499 837 1529 867 p.
1550 829 1619 866 659,
1643 829 1680 857 12

226 877 308 907 Plut.
328 876 376 906 De
396 876 488 907 exilio
509 885 539 914 p.
555 876 650 907 60213
670 876 703 906 τὸ
724 877 775 916 γὰρ
796 877 884 907 καλὸν
904 879 992 908 ἐκεῖνο
1012 879 1193 918 παράγγελμα
1213 883 1272 907 τῶν
1293 877 1493 919 Πυθαγορείων
1516 878 1599 917 „tion
1620 878 1679 917 βίον

227 927 346 967 ἄριστον,
376 926 446 966 ἡδὺν
476 926 506 956 δὲ
537 925 623 956 αὐτὸν
650 926 669 966 ἠ
699 925 829 967 συνήθεια
855 928 989 968 ποιήσει“.
1030 927 1122 965 plura
1146 928 1321 957 testimonia
1342 928 1530 966 collegerunt
1550 927 1590 957 ad
1612 927 1679 957 Sto-

225 976 335 1006 baeum
367 975 517 1013 Hensius,
562 975 603 1005 ad
636 975 793 1006 Plutarchi
826 980 991 1015 praecepta
1023 977 1165 1007 sanitatis
1199 976 1331 1007 tuendae
1361 987 1391 1015 p.
1415 978 1470 1007 123
1486 977 1509 1007 C
1539 977 1677 1015 Wytten-

226 1025 364 1055 bachius.
385 1042 424 1047 —
445 1025 516 1055 huic
536 1024 618 1055 dicto
639 1025 812 1063 Pythgoreo
843 1025 1025 1056 antecedunt
1054 1026 1114 1056 duo
1145 1027 1304 1056 enuntiata
1331 1025 1372 1056 ad
1392 1027 1561 1057 Stoicorum
1590 1035 1678 1064 para-

224 1074 305 1104 doxa
332 1074 530 1112 pertinentia;
564 1075 678 1113 prioris
708 1074 819 1105 similia¹
845 1074 1039 1105 inveniuntur
1059 1085 1084 1105 e.
1106 1084 1150 1114 gr.
1172 1076 1204 1105 in
1225 1076 1379 1106 Ciceronis
1402 1075 1572 1106 Paradoxis
1592 1076 1610 1114 ξ
1630 1077 1677 1112 36,

224 1124 257 1154 ἰιι
277 1123 415 1154 Philonis
435 1123 514 1154 libro
534 1124 621 1162 Quod
641 1124 738 1155 omnis
759 1124 874 1163 probus
893 1125 1007 1164 probus
1029 1125 1070 1156 sit
1089 1125 1159 1164 §22
1181 1125 1266 1155 Cohn
1286 1126 1385 1165 (cuius
1406 1125 1499 1156 editio
1520 1126 1579 1156 hoc
1598 1134 1678 1156 anno

224 1174 340 1212 edetur,
371 1174 410 1205 cf.
433 1175 498 1205 eius
525 1175 700 1205 testimonia
731 1177 763 1205 et
785 1175 940 1213 Hensium,
968 1176 1047 1206 Mus.
1068 1176 1165 1206 Rhen.
1186 1176 1315 1206 XLVIII
1336 1177 1417 1215 233),
1448 1176 1576 1206 alterius
1597 1175 1679 1214 apud

227 1223 287 1253 Cic.
310 1224 330 1254 1.
352 1232 376 1254 s.
408 1224 425 1264 ς
444 1226 492 1254 42.
514 1226 552 1254 43
584 1224 720 1255 Teletem
750 1233 781 1262 p.
802 1225 850 1263 35,
864 1225 934 1255 9ss.
962 1242 999 1247 —
1022 1225 1173 1263 excipitur
1206 1225 1321 1256 dictum
1349 1225 1426 1255 illud
1455 1225 1679 1264 Pythagoreum

226 1274 321 1304 stoico
341 1273 474 1313 decreto,
506 1283 567 1312 quo
588 1274 684 1304 virtus
714 1274 780 1305 sola
800 1275 832 1304 in
852 1278 958 1305 nostra
978 1278 1132 1314 potestate
1152 1284 1229 1312 esse,
1258 1278 1360 1306 cetera
1379 1274 1522 1306 fortunae
1542 1274 1680 1306 subiecta

226 1333 293 1354 esse
313 1323 458 1354 dicuntur
488 1324 540 1362 (cf.
562 1324 654 1354 etiam
681 1326 698 1362 ξ
719 1324 781 1363 27),
810 1327 842 1355 et
866 1324 898 1354 in
917 1324 977 1355 fine
997 1325 1015 1363 ξ
1035 1327 1075 1354 24
1094 1325 1195 1355 verbis
1215 1325 1367 1362 sapienter
1385 1326 1517 1363 comitant
1537 1325 1590 1363 qui
1608 1329 1679 1355 tem·

221 1374 350 1411 poribus
368 1374 510 1404 secundis
530 1383 621 1404 casus
642 1374 786 1405 adversos
804 1374 1004 1411 reformidant
1030 1373 1178 1404 suadetur
1198 1374 1430 1412 praemeditatio
1451 1374 1505 1403 illa
1524 1374 1680 1411 malorum,

227 1431 319 1460 quam
340 1423 432 1453 etiam
452 1432 471 1452 a
491 1423 712 1461 posterioribus
733 1423 844 1453 Stoicis
867 1422 1061 1453 decantatam
1085 1422 1267 1452 Posidonius
1287 1423 1489 1460 Anaxagorae
1509 1424 1681 1453 constantia

226 1472 364 1511 exemplo
385 1481 459 1502 usus
480 1472 711 1503 commendabat
738 1473 778 1512 (v.
800 1472 906 1503 Galen.
927 1472 965 1503 de
986 1472 1108 1511 placitis
1128 1472 1221 1511 Hipp.
1243 1472 1285 1502 IV
1307 1474 1324 1502 7
1351 1482 1381 1510 p.
1396 1474 1454 1503 392
1465 1481 1490 1503 s.
1514 1472 1627 1503 Mnller
1643 1486 1678 1499 =

229 1522 335 1553 Dielsii
359 1523 516 1553 Antesocr.
540 1523 572 1553 1⁸
602 1531 632 1561 p.
654 1524 729 1560 382,
762 1522 822 1554 Cic.
852 1522 942 1553 Tusc.
963 1522 1009 1552 111
1028 1523 1067 1553 29
1103 1522 1183 1553 Plut.
1213 1522 1387 1553 Consolatio
1417 1522 1458 1552 ad
1487 1523 1681 1560 Apollonium
1729 1562 1733 1566 ι

226 1582 255 1609 p.
280 1572 390 1609 112D;
411 1572 624 1609 Wilamowitz,
645 1572 796 1602 Herakles
816 1572 849 1602 1¹
869 1581 899 1610 p.
918 1572 979 1611 25).
1000 1589 1039 1593 —
1060 1571 1100 1601 ad
1120 1572 1192 1602 Her.
1214 1573 1232 1610 ς
1247 1573 1285 1602 29
1307 1571 1388 1609 quod
1408 1572 1535 1610 legimus
1555 1572 1682 1612 dileqere

228 1625 344 1661 oportet
371 1631 457 1662 quem
480 1622 555 1654 velis
581 1622 704 1663 diligere
735 1622 788 1661 (cf.
810 1622 827 1662 ξ
847 1624 886 1653 47
906 1622 1040 1654 homines
1071 1623 1196 1653 idoneos
1223 1623 1352 1662 dileqere
1372 1626 1399 1653 et
1413 1623 1555 1662 probare)
1585 1623 1681 1653 Theo-

226 1673 404 1710 phrasteum
425 1676 480 1710 est,
501 1673 628 1710 puerilis
642 1673 804 1703 verborum
824 1672 909 1703 lusus
930 1673 1032 1711 gratia
1052 1673 1083 1702 in
1104 1672 1201 1703 artius
1223 1675 1425 1702 contractum:
1453 1673 1581 1703 Ioannes
1596 1673 1679 1703 Stob.

225 1722 269 1752 IV
288 1724 336 1760 27,
360 1723 397 1752 14
417 1732 447 1761 p.
466 1724 534 1759 659,
555 1725 573 1753 7
596 1721 772 1763 Θεόφραστός
792 1732 875 1763 φησιν
896 1722 938 1752 ὅτι
959 1746 966 1754 .
982 1746 988 1753 .
1005 1746 1011 1752 .
1028 1746 1034 1752 .
1057 1722 1090 1752 οὒ
1112 1722 1246 1763 φιλοῦντα
1268 1723 1310 1753 δεῖ
1329 1723 1437 1763 κρίνειν,
1459 1723 1530 1753 ἀλλὰ
1549 1723 1679 1764 κρίναντα

227 1772 314 1812 φιλεῖν
342 1772 477 1803 Rutilius
505 1772 611 1811 Lupus
633 1774 645 1804 1
667 1775 685 1803 6
707 1783 737 1811 p.
758 1775 786 1811 63
810 1776 825 1803 1
854 1773 961 1804 Halm:
985 1774 1055 1804 item
1077 1773 1303 1811 Theophrastus
1328 1774 1439 1803 dicitur
1466 1773 1580 1805 dixisse
1603 1783 1680 1811 pru-

227 1823 326 1852 dentis
356 1830 419 1852 esse
449 1822 582 1858 officium
602 1822 768 1852 amicitiam
795 1822 955 1859 probatam
981 1825 1128 1860 appetere,
1158 1830 1222 1851 mm
1251 1822 1417 1860 appetitam
1439 1822 1579 1860 probare.
1620 1822 1680 1851 iam

227 1879 295 1900 cum
314 1870 449 1901 Rutilius
477 1870 582 1909 Lupus
613 1879 754 1909 graecum
776 1870 907 1909 Gorgiae
936 1870 1063 1901 iunioris
1094 1871 1205 1901 librum
1236 1871 1431 1909 expresserit,
1463 1870 1594 1902 efficitur
1623 1872 1681 1901 hoc

226 1920 340 1950 dictum
360 1921 547 1951 tralaticium
568 1929 635 1950 esse
655 1920 687 1950 in
707 1921 863 1951 rhetorum
883 1920 1013 1957 scholis;
1047 1920 1129 1958 quod
1149 1921 1257 1951 mirum
1277 1931 1338 1951 non
1360 1924 1415 1958 est,
1437 1930 1502 1951 cum
1523 1921 1681 1951 celeberri-

226 1978 304 1999 mam
331 1970 411 2000 hanc
439 1970 619 2000 sententiam
641 1969 867 1999 demonstratur
891 1969 986 2000 fuisse
1014 1970 1103 2007 copia
1130 1971 1373 2000 testimoniorum
1393 1979 1472 2008 quae
1492 1971 1679 2008 collegerunt

228 2018 381 2049 Gustavus
401 2019 543 2056 Heylbut,
574 2019 621 2049 De
641 2019 846 2057 Theophrasti
865 2019 953 2050 libris
980 2020 1042 2060 περὶ
1061 2020 1153 2060 φιλίας
1181 2019 1268 2059 (diss.
1288 2020 1456 2051 Bonnensis
1480 2021 1568 2059 1876)
1588 2030 1617 2059 p.
1639 2022 1678 2050 23

228 2071 260 2098 et
279 2068 415 2099 Davidus
435 2068 586 2099 Ruhnken
608 2069 717 2099 Rutilii
736 2068 849 2107 editor;
877 2069 1036 2107 utriusque
1063 2069 1233 2100 doctrinam
1253 2071 1330 2101 artis
1350 2071 1561 2101 Herennianae
1581 2080 1678 2101 exem—

228 2119 311 2156 plum
332 2119 420 2157 fugit.
441 2137 478 2142 —
500 2119 541 2149 ad
560 2120 631 2149 Her.
654 2121 691 2149 37
722 2120 838 2157 formae
858 2120 993 2159 dignitas
1013 2123 1067 2150 aut
1087 2121 1189 2151 morbo
1209 2120 1374 2158 deflorescit
1393 2124 1448 2151 aut
1465 2125 1611 2152 vetustate
1631 2131 1679 2151 ezc-

227 2171 401 2210 stinqwaur,
430 2169 470 2200 cf.
492 2171 684 2210 [Isocratem]
704 2170 737 2200 in
757 2169 958 2201 Demoniceae
977 2170 995 2209 ξ
1014 2171 1033 2200 6
1061 2170 1165 2203 κάλλος
1194 2172 1244 2209 μὲν
1264 2172 1316 2211 γὰρ
1336 2171 1355 2211 ἦ
1376 2173 1476 2211 χρόνος
1496 2172 1639 2212 ἀνήλωσεν
1659 2171 1678 2212 ἢ

227 2223 307 2256 νόσος
326 2223 471 2263 ἐμάρανεν,
502 2230 561 2260 quo
587 2220 625 2251 de
652 2220 720 2251 loco
741 2220 773 2251 in
793 2220 872 2251 libro
893 2220 931 2251 de
951 2219 1138 2251 Anaximene
1158 2221 1274 2259 scripto
1294 2231 1323 2260 p.
1345 2223 1383 2252 93
1405 2222 1465 2259 egi;
1498 2230 1590 2260 saepe
1610 2231 1679 2252 eum

227 2272 397 2303 imitatione
427 2280 603 2310 expressum
633 2280 700 2301 csse
730 2270 905 2301 testimonia
924 2269 1068 2308 Drerupii
1094 2270 1268 2301 ostendunt.
1295 2274 1331 2301 ut
1357 2271 1462 2301 rhetor
1490 2271 1604 2301 latinus
1634 2271 1680 2300 ita

228 2321 395 2360 Georgides
416 2321 545 2352 collocat
565 2321 583 2362 ἢ
604 2321 684 2353 νόσος
704 2321 839 2362 ἐμάρανεν
858 2320 877 2362 ἢ
898 2320 999 2362 χρόνος
1019 2320 1170 2350 ἀνάλωσεν.
1186 2338 1223 2343 -
1239 2320 1282 2351 IV
1295 2322 1333 2351 43
1354 2320 1407 2351 ubi
1426 2319 1679 2351 denominationis

228 2372 395 2411 exemplum
425 2371 529 2402 adfert
555 2380 622 2402 cum
649 2371 832 2402 desidiosam
851 2374 945 2401 mem
965 2371 1093 2401 dicimus
1113 2371 1187 2408 quia
1207 2371 1373 2401 desidiosos
1392 2370 1469 2407 facit
1488 2373 1520 2400 et
1540 2370 1681 2400 similiter

227 2420 258 2450 11
277 2422 317 2452 35
336 2419 533 2460 philosophia
552 2421 680 2452 vitwnda
700 2425 752 2459 est,
777 2420 877 2458 adfert
897 2421 976 2451 enim
995 2419 1164 2451 socordiam
1184 2424 1274 2459 atque
1293 2420 1449 2457 desidiam,
1481 2420 1680 2458 opprobrium

227 2470 304 2502 illud
321 2472 520 2510 *agnoscimus
547 2471 630 2502 vitae
657 2471 790 2502 musicae
818 2471 866 2502 vel
893 2470 1102 2510 philosophiae
1129 2469 1261 2509 deditae,
1291 2470 1372 2508 quod
1401 2469 1589 2508 Euripideae
1619 2472 1680 2500 An-

227 2520 332 2559 tiopae
363 2521 515 2551 coloribus
547 2521 591 2560 (v.
608 2520 646 2551 fr.
669 2521 728 2551 184
737 2521 775 2551 N.
805 2524 913 2560 μοῦσαν
934 2544 940 2551 .
963 2544 970 2551 .
992 2544 999 2551 .
1024 2544 1030 2550 .
1058 2520 1151 2560 ἀργόν,
1184 2521 1313 2561 φίλοινον,
1348 2521 1505 2561 χρημάτων
1535 2520 1680 2561 ἀτημελῆ)

227 2569 404 2602 distinctum
425 2574 457 2602 et
475 2571 507 2601 in
528 2571 665 2602 Platonis
687 2570 802 2609 Gorgia
822 2574 853 2602 et
874 2571 913 2602 ab
941 2570 1010 2602 aliis
1037 2570 1181 2609 pingitur.
1222 2573 1315 2608 atque
1335 2571 1415 2600 hanc
1434 2571 1612 2601 memoriam
1631 2571 1681 2601 hic

228 2621 353 2652 subesse
380 2630 416 2652 eo
443 2621 635 2652 verisimilius
663 2624 719 2658 est,
748 2621 831 2658 quod
849 2621 880 2651 11
899 2623 938 2652 43
959 2620 1039 2651 idem
1058 2620 1147 2649 Zethi
1168 2623 1199 2650 et
1219 2620 1398 2658 Amphionis
1421 2621 1454 2650 in
1474 2620 1600 2651 Pacuvii
1620 2622 1681 2650 An-

226 2669 313 2708 tiopa
332 2673 487 2701 certamen
507 2672 758 2701 'commemoratur
778 2670 832 2710 (cf.
854 2670 915 2701 Cic.
936 2670 1027 2701 Rhet.
1047 2669 1063 2699 I
1077 2669 1139 2708 94).
1161 2686 1198 2692 —
1219 2669 1250 2699 II
1270 2671 1309 2700 34
1329 2670 1410 2701 duae
1429 2679 1478 2701 res
1498 2674 1579 2708 sunt,
1599 2670 1680 2700 indi-

227 2727 283 2757 ces,
304 2729 383 2758 quac
402 2730 504 2751 omnes
524 2721 567 2751 ad
585 2720 763 2758 maleficium
783 2721 951 2759 impellunt,
973 2720 1108 2751 zuoeuries
1128 2723 1157 2751 et
1176 2720 1319 2751 avaritia.
1361 2720 1472 2751 similia
1491 2720 1613 2751 memini
1633 2728 1680 2750 me
