1951 2989
915 171 1157 208 —15-

304 269 408 307 toria
425 261 682 307 occultandae.
720 272 763 305 at
779 267 872 306 haec
890 267 1014 305 omnia
1037 278 1175 316 graeca
1200 267 1307 305 sunt:
1334 265 1417 315 Περὶ
1442 265 1545 315 ὕψους
1570 267 1629 314 22,
1648 267 1670 305 1
1694 265 1769 302 τότε

303 327 367 376 γάρ
392 330 414 375 ἡ
440 328 542 375 τέχνη
567 327 692 367 τέλειος
723 326 809 374 ἡνίκ’
846 327 885 362 ἂν
921 326 1019 374 φύσις
1052 324 1137 362 εἶναι
1169 327 1265 374 δοκῇ,
1298 327 1320 372 ἡ
1350 325 1378 360 δ’
1406 325 1448 360 αὖ
1475 325 1572 373 φύσις
1597 326 1768 374 ἐπιτυχής,

305 387 383 423 ὅταν
418 385 726 422 λανθάνουσαν
762 385 902 434 περιέχῃ
937 385 997 433 τὴν
1021 384 1141 433 τέχνην
1153 383 1190 434 ¹),
1238 385 1294 432 17,
1321 384 1342 421 1
1377 384 1556 431 ἀγανακτεῖ
1579 382 1643 433 γάρ
1669 383 1770 425 εὐθύς

304 445 499 494 (auditor),
533 445 562 479 εἰ
597 447 642 485 ὡς
672 445 749 484 παῖς
775 443 895 492 ἄφρων
930 443 994 480 ὑπὸ
1019 443 1168 492 τεχνίτου
1195 444 1333 492 ῥήτορος
1360 443 1557 492 σχηματίοις
1580 443 1770 492 κατασοφί-

306 507 397 545 ζεται
423 534 431 542 .
453 534 460 542 .
481 533 489 540 .
517 503 631 553 διόπερ
657 502 713 540 καὶ
738 503 813 539 τότε
838 501 970 552 ἄριστον
998 503 1090 539 δοκεῖ
1113 501 1151 539 τὸ
1178 506 1306 552 σχῆμα,
1340 502 1417 539 ὅταν
1444 500 1524 540 αὐτὸ
1549 504 1647 539 τοῦτο
1673 503 1770 539 δια-

304 563 503 611 λανθάνῃ
531 564 580 598 ὅτι
606 561 722 610 σχῆμά
747 563 835 598 ἐστιν
861 562 957 610 (sim.
984 562 1041 608 38,
1068 561 1105 609 3)
1139 561 1198 608 17,
1224 562 1248 597 2
1280 562 1342 597 τίνι
1366 560 1430 609 γὰρ
1455 557 1587 597 ἐνταῦθ’
1615 562 1632 596 ὁ
1659 561 1770 609 ῥήτωρ

305 622 478 672 ἀπέκρυψε
502 622 542 659 τὸ
569 625 686 671 σχῆμα
712 620 769 668 17,
796 620 819 658 3
845 619 904 669 τὴν
930 620 1049 670 τέχνην
1076 619 1187 657 αὐτῶν
1213 619 1410 661 ἀποσκιάζει
1433 618 1490 657 καὶ
1515 618 1583 657 οἷον
1608 619 1642 657 ἐν
1668 632 1770 656 κατα-

304 682 446 729 καλόψει
473 682 568 728 τηρεῖ
592 680 851 728 Hermogenes
885 693 921 728 p.
949 680 1030 725 1¹72,
1058 679 1155 716 14R
1189 679 1236 716 de
1261 679 1532 717 Demosthene:
1568 678 1673 719 δεινὸς
1707 680 1771 726 γὰρ

306 739 360 776 ἀεὶ
385 739 595 788 σοφίσασθαι
619 737 679 779 τὰς
702 738 821 787 τέχνας
847 737 904 775 καὶ
929 736 1146 787 ἀποκρύπτειν
1174 737 1192 773 ὁ
1219 737 1330 787 ῥήτωρ
1363 736 1439 776 Cic.
1465 736 1524 776 De
1550 749 1605 776 or.
1631 736 1676 775 II
1699 736 1771 775 177

306 801 469 836 tractatio
494 802 610 835 autem
635 800 740 835 varia
764 809 840 834 esse
864 798 971 844 debet,
997 809 1041 833 ne
1066 800 1130 833 aut
1154 801 1336 843 coqnoscat
1359 799 1421 844 qui
1441 797 1568 834 audiat
1592 795 1656 845 (ef.
1674 795 1770 844 156),

305 857 579 906 Ps.-Dionysii
609 856 688 894 Ars
720 855 822 894 VIII
848 856 895 893 16
931 869 968 905 p.
994 855 1086 896 322.
1112 855 1136 892 6
1182 855 1296 897 λοιπὸς
1346 855 1383 892 δὲ
1426 857 1506 904 ἡμῖν
1547 855 1617 891 ἐστι
1661 854 1770 902 λόγος,

304 919 362 952 τοῦ
395 915 572 952 λανθάνειν
606 917 628 963 ἡ
663 915 764 963 τέχνη
777 914 816 963 5³).
842 936 892 942 -—
916 913 1082 964 praeivit
1114 916 1242 952 autem
1274 915 1375 953 viam
1399 913 1631 952 Aristoteles
1656 912 1771 952 Rhek-

305 975 369 1011 III
393 975 417 1011 2
450 987 485 1024 p.
514 974 640 1011 1404b
667 973 714 1010 18
752 973 803 1009 διὸ
842 975 893 1010 δεῖ
925 973 1100 1009 λανθάνειν
1139 975 1313 1014 ποιοῦντας
1354 972 1410 1010 καὶ
1443 973 1489 1021 μὴ
1524 973 1631 1009 δοκεῖν
1665 971 1772 1019 λέγειν

304 1033 549 1080 πεπλασμένως
574 1032 661 1068 ἀλλὰ
693 1033 908 1080 πεφυκότως·
944 1034 1039 1067 τοῦτο
1077 1031 1114 1067 δὲ
1146 1032 1298 1077 πιθανόν,
1334 1033 1440 1068 ἐκεῖνο
1473 1031 1511 1067 δὲ
1535 1030 1723 1068 τούναντίον
1733 1030 1773 1078 ¹).

305 1091 381 1128 iam
407 1091 493 1129 vide
518 1092 751 1140 quantopere
777 1102 800 1127 a
825 1089 1157 1128 verisimilitudine
1182 1090 1424 1129 aberraverit
1448 1090 1488 1127 in
1512 1089 1775 1127 Teubneriana.

306 1150 472 1187 editione
497 1149 728 1187 Rhetoricae
754 1149 1016 1187 Herennianae
1040 1148 1252 1188 Guilelmus
1269 1148 1481 1195 Friedrich,
1508 1148 1571 1198 qui
1595 1147 1664 1186 ina
1688 1147 1773 1197 ipsa

305 1210 422 1246 verba
446 1211 478 1245 et
500 1212 579 1255 post
603 1209 645 1244 in
669 1208 828 1255 dicendo,
861 1220 905 1244 ne
933 1210 1048 1254 possit
1072 1220 1136 1245 ars
1160 1209 1314 1244 eminere
1338 1211 1371 1244 et
1395 1208 1439 1244 ab
1463 1208 1622 1244 omnibus
1645 1207 1771 1252 videri,

303 1267 471 1313 facultate
496 1269 647 1304 oratoris
671 1267 874 1311 occultatur,
905 1279 1062 1315 quorum
1086 1267 1287 1304 verborum
1313 1266 1519 1315 persimilia
1544 1264 1774 1315 exemplaria.

305 1337 443 1372 graeca
467 1325 618 1372 adsunt,
645 1325 751 1362 uncis
777 1325 933 1362 inclusit
956 1327 1003 1362 ut
1027 1325 1168 1373 spuria.

403 1383 642 1421 Postremum
659 1385 924 1432 argumentum
945 1383 1067 1420 solum
1090 1396 1166 1420 non
1192 1395 1238 1420 ex
1261 1394 1399 1431 graeco
1425 1382 1533 1419 fonte
1558 1381 1679 1429 fluxit,
1706 1381 1772 1419 sed

306 1442 354 1478 ab
389 1443 545 1479 auctore
579 1441 701 1479 latino
738 1440 910 1478 additum
944 1442 1021 1479 est:
1056 1441 1176 1490 ipsam
1206 1442 1329 1479 artem
1353 1452 1430 1478 non
1455 1440 1549 1478 satis
1573 1439 1773 1478 iucundam

271 1543 278 1548 ,
306 1500 409 1538 lectu
434 1513 516 1538 esse
542 1500 646 1547 dicit,
673 1499 763 1549 quia
787 1500 936 1538 nomina
960 1499 1058 1537 artis
1083 1500 1123 1537 in
1147 1499 1307 1537 latinam
1330 1498 1499 1548 linguam
1523 1510 1638 1537 versa
1665 1509 1772 1548 aspe-

307 1560 413 1596 riora
437 1558 652 1596 videantur.
700 1558 800 1607 quod
834 1558 1010 1596 damnum
1045 1558 1280 1607 compensari
1314 1558 1362 1595 ab
1395 1569 1439 1595 eo
1473 1557 1669 1606 scriptore,
1707 1556 1772 1606 qui

307 1630 375 1656 sua
413 1617 584 1667 exempla
617 1617 806 1667 gignendo
841 1616 932 1667 quid
968 1616 1157 1656 facultate
1189 1615 1337 1655 dicendi
1367 1615 1498 1656 valeat
1522 1615 1770 1655 demonstret.

306 1677 377 1715 hoc
401 1677 674 1725 argumentum,
702 1677 747 1713 ut
771 1676 936 1714 inveniri
959 1688 1035 1713 non
1059 1677 1214 1725 poterat
1237 1675 1311 1713 nisi
1328 1687 1352 1713 a
1367 1675 1488 1713 latino
1509 1674 1576 1712 illo
1603 1674 1771 1720 doctore,

306 1735 365 1773 ita
389 1735 560 1785 ineptum
591 1734 783 1784 ingenium
815 1734 895 1773 eius
924 1734 1067 1785 prodit.
1119 1734 1358 1773 concluditur
1383 1735 1510 1772 autem
1533 1735 1621 1772 tota.
1644 1732 1771 1782 dispu-

306 1794 407 1831 tatio
440 1794 498 1831 his
532 1793 682 1831 verbis:
720 1794 777 1829 his
813 1794 856 1829 de
894 1795 1021 1837 causis,
1058 1805 1136 1830 cum
1167 1794 1258 1830 artis
1293 1795 1532 1829 inventionem
1559 1791 1772 1828 Graecorum

304 1852 560 1897 probassemus,
585 1852 821 1898 exemplorum
844 1851 1018 1889 rationem
1042 1853 1152 1888 secuti
1176 1863 1249 1889 mm
1272 1862 1407 1888 sumus.

403 1910 721 1959 Respondeantne
770 1910 856 1947 huic
905 1912 1108 1960 praecepto
1161 1910 1286 1948 aliena
1328 1909 1499 1958 exempla.
1538 1907 1771 1957 repudiandi,

305 1968 465 2016 propria
497 1968 680 2016 gignendi
713 1968 797 2017 ipsa
835 1968 1007 2018 exempla
1031 1968 1072 2005 in
1096 1969 1181 2006 arte
1205 1968 1449 2006 Herenniano.
1473 1967 1630 2013 tradita,
1666 1977 1774 2014 saga-

307 2026 405 2064 citer
428 2026 682 2075 investigavit
707 2025 876 2064 Manius
900 2039 937 2076 p.
965 2026 1036 2064 114
1051 2038 1098 2065 ss.
1127 2027 1198 2064 102
1211 2038 1260 2065 ss.
1286 2037 1426 2065 revera
1459 2025 1592 2064 doctor
1628 2023 1771 2063 latinus

410 2136 440 2174 1)
461 2135 563 2173 Quint.
585 2136 630 2165 IX
650 2137 680 2173 4,
701 2137 719 2166 3
731 2144 771 2166 ss.
801 2139 959 2174 comparat
979 2136 1204 2173 Mutschmann,
1234 2133 1387 2172 Tendenz,
1415 2133 1540 2165 Aufbau
1559 2133 1624 2165 und
1643 2132 1772 2172 Quellen

307 2184 363 2215 der
383 2184 500 2216 Schrift
523 2194 591 2216 vom
611 2185 798 2216 Erhabenen
828 2186 933 2216 Berlin
955 2187 1032 2216 1913
1053 2195 1083 2224 p.
1101 2187 1157 2216 103
1169 2194 1192 2216 s.
1235 2184 1315 2225 φύσις
1335 2187 1367 2215 et
1385 2185 1471 2225 τέχνη
1501 2183 1586 2215 vario
1606 2182 1697 2214 modo
1718 2190 1771 2221 op·

307 2238 464 2273 ponuntur
484 2235 524 2266 ad
544 2236 617 2266 Her.
638 2236 685 2266 111
705 2237 745 2266 28
755 2245 779 2266 s.
801 2238 849 2273 36,
882 2235 949 2276 Περὶ
969 2236 1058 2277 ὕψους
1079 2238 1107 2274 2,
1131 2238 1156 2266 l.
1178 2238 1206 2266 2.
1229 2237 1257 2266 3.
1279 2236 1327 2273 36,
1347 2236 1368 2265 4
1391 2235 1459 2274 (qui
1483 2234 1568 2266 locus
1588 2235 1673 2265 recte
1693 2241 1771 2264 com-

307 2288 437 2323 paratur
457 2294 525 2316 cum
545 2286 669 2316 Horatii
690 2287 727 2316 Α.
742 2286 776 2316 Ρ.
791 2287 849 2316 408
863 2287 928 2324 ss),
949 2285 1124 2316 Demetrius
1146 2284 1214 2326 Περὶ
1234 2285 1381 2325 ἑρμηνείας
1397 2286 1445 2323 87,
1465 2283 1660 2315 Philodemus
1679 2282 1770 2313 Rhet.

306 2335 336 2365 11
357 2336 395 2366 93
427 2334 539 2374 8ηᾶ1ι.,
570 2335 735 2376 Dionysius
764 2335 822 2367 vol.
844 2336 858 2366 1
880 2337 947 2375 114,
971 2337 1005 2366 11
1038 2334 1182 2366 tls-Rati.
1217 2334 1320 2374 Quint.
1343 2335 1374 2365 11
1395 2336 1442 2374 17,
1463 2336 1492 2366 9.
1525 2333 1618 2374 plura
1648 2331 1772 2370 collegit

307 2385 341 2415 P.
364 2385 437 2416 Otto
458 2395 488 2424 p.
503 2387 541 2416 57
553 2394 596 2416 ss.

408 2435 440 2476 2)
465 2435 505 2467 cf.
528 2436 621 2467 etiam
643 2436 728 2467 locos
751 2444 826 2474 quos
853 2436 1044 2476 collegerunt
1062 2435 1096 2466 P.
1118 2435 1191 2467 Otto
1211 2435 1231 2466 l.
1253 2444 1277 2466 c.
1299 2445 1329 2475 p.
1344 2435 1429 2474 ὅδε,
1457 2433 1641 2466 Jahn-Krou
1662 2431 1703 2464 ad
1723 2432 1769 2463 Ci-

308 2486 427 2517 ceronis
448 2486 609 2517 Oratorem
630 2488 679 2524 38,
708 2486 837 2516 Brutum
860 2489 926 2524 139,
947 2489 979 2517 et
1000 2486 1040 2517 ad
1070 2486 1143 2517 Her.
1165 2486 1180 2515 I
1202 2488 1248 2523 17,
1279 2485 1333 2516 ubi
1352 2487 1501 2522 monetur,
1522 2493 1562 2515 ne
1582 2483 1770 2515 enumeratio

308 2536 378 2575 plus
403 2539 467 2567 tres
495 2538 601 2575 partes
629 2535 753 2574 habeat,
781 2536 936 2575 pergitur:
967 2546 1042 2567 nam
1063 2559 1070 2567 .
1093 2560 1099 2566 .
1123 2559 1129 2566 .
1152 2559 1160 2567 .
1181 2536 1383 2577 suspicionem
1402 2534 1504 2572 adfert
1523 2533 1661 2566 auditori
1679 2533 1770 2565 medi-

308 2587 435 2618 tationis
455 2589 483 2617 et
503 2586 635 2624 artificii,
657 2595 735 2625 quae
754 2595 803 2617 res
820 2587 910 2624 fidem
930 2587 1058 2627 abroqat
1078 2587 1219 2623 orationi,
1241 2585 1282 2617 cf.
1304 2586 1397 2616 etiam
1417 2585 1448 2616 11
1467 2586 1507 2615 4⁷
1527 2584 1571 2616 IV
1591 2586 1639 2615 32.

410 2636 442 2674 3)
462 2636 576 2667 similes
597 2635 744 2674 quosdam
771 2636 855 2667 locos
883 2636 987 2667 adfert
1009 2636 1052 2667 Cl.
1074 2637 1190 2674 Peters,
1221 2636 1269 2666 De
1288 2635 1461 2666 rationibus
1481 2635 1564 2665 inter
1583 2637 1681 2665 artem
1701 2633 1769 2664 rhe-

308 2686 438 2717 toricam
458 2686 501 2717 IV
522 2688 553 2717 et
574 2686 588 2716 1
608 2685 724 2718 saeculi
744 2685 1014 2726 intercedentibus,
1035 2687 1116 2718 Diss.
1138 2685 1325 2717 Kiloniensis
1348 2686 1424 2717 1907
1444 2694 1475 2724 p.
1489 2686 1537 2716 66.
