1951 2989
914 166 1155 203 „12—

301 265 342 302 et
378 263 518 314 poetici
556 265 598 303 et
633 263 824 314 pedestris
862 264 1044 303 sermonis
1081 263 1223 303 formas
1265 265 1306 302 et
1347 264 1489 313 species
1528 279 1761 315 cognoscere,

301 322 538 360 characteres
574 323 775 360 aestimare
809 323 965 370 vellent,
999 335 1044 361 ea
1067 335 1226 373 quoque,
1258 334 1354 372 quae
1378 324 1513 372 postea
1545 325 1762 373 grammati·

300 394 430 418 corum
449 381 666 430 provinciae
690 381 969 429 tribuebantur,
996 381 1344 431 complecterentur,
1370 383 1660 421 consentaneum
1677 386 1764 422 erat

302 453 348 477 ex
375 440 475 477 omni
498 440 716 477 litterarum
741 452 880 488 genere
906 440 1076 489 exempla
1100 440 1291 489 colligere.
1332 440 1408 478 iam
1425 452 1471 477 ex
1493 452 1566 488 quo
1591 440 1763 480 rhetores

302 498 426 536 omnia
450 498 689 548 eloquentiae
715 498 843 536 studia
867 498 908 536 in
934 498 1147 537 imitatione
1172 500 1388 548 posuerunt,
1414 498 1500 536 fieri
1515 510 1591 536 non
1608 501 1763 548 poterat

301 559 393 609 quin
417 557 708 596 difficultatibus
734 560 1008 608 premerentur,
1034 571 1116 596 cum
1130 558 1425 609 Peripateticam
1443 557 1550 596 illam
1568 558 1764 597 materiem

302 618 517 656 immensam
542 619 582 656 et
601 617 830 656 varietatem
847 619 1109 668 exemplorum,
1135 630 1232 668 quae
1256 618 1392 657 iudicio
1418 618 1464 656 de
1490 618 1581 657 stilo
1606 618 1762 657 ferendo

302 677 544 723 inserviebat,
583 677 631 714 ad
665 677 946 715 institutionem
984 677 1191 715 oratoriam
1226 680 1266 716 et
1290 678 1339 715 ad
1362 677 1538 715 imitandi
1561 679 1764 727 praecepta

301 736 547 774 conferebant
558 736 595 784 ¹).
646 737 761 785 atque
784 747 866 773 cum
890 749 939 773 ne
964 735 1204 785 antiquorum
1228 736 1378 785 quidem
1401 736 1578 774 iudicium
1603 736 1763 774 difficul-

301 796 405 832 tates
442 794 533 832 illae
566 795 763 844 fugerent,
812 795 956 833 exarsit
991 796 1181 832 certamen
1216 795 1314 833 illud
1355 795 1401 833 de
1441 796 1550 833 recta
1589 795 1765 833 imitandi

302 853 464 899 ratione,
491 853 594 890 cuius
620 852 786 901 vestigia
809 853 851 889 in
875 853 946 890 hoc
971 854 1126 890 auctore
1150 853 1383 901 agnovimus.

398 910 518 948 Aliud
549 913 813 960 argumentum
846 911 1038 949 corollarii
1068 910 1151 949 loco
1188 910 1306 958 addit,
1340 913 1386 949 ut
1411 911 1716 949 consuetudinem
1742 924 1765 949 a

301 970 431 1008 multis
458 971 628 1019 exempla
661 970 830 1007 sumendi
858 970 1078 1020 redarguat.
1131 982 1217 1007 nam
1240 971 1306 1019 qui
1331 970 1401 1008 hac
1424 970 1616 1009 varietate
1641 982 1763 1008 exem-

301 1029 451 1077 plorum
486 1029 593 1078 quasi
629 1028 860 1078 profiteatur
893 1029 1074 1066 neminem
1100 1028 1149 1066 ad
1173 1028 1271 1066 artis
1296 1029 1566 1077 perfectionem
1591 1030 1632 1067 et
1656 1030 1764 1067 abso-

301 1088 484 1126 lutionem
509 1088 708 1137 pervenire
733 1101 852 1137 posse,
888 1088 922 1126 is
956 1100 1086 1125 eorum
1108 1087 1250 1126 rationi
1275 1087 1498 1137 opitulatur,
1537 1090 1598 1134 qui
1621 1089 1763 1126 omnino

301 1158 372 1183 non
392 1147 546 1191 probant
570 1150 690 1183 artem.
742 1147 863 1184 medio
899 1146 1045 1184 saeculo
1080 1146 1205 1184 altero
1239 1146 1373 1184 scimus
1407 1146 1627 1184 acerrimum
1660 1146 1764 1184 inter

302 1205 544 1255 philosophos
579 1207 619 1243 et
653 1205 827 1244 rhetores
862 1207 1053 1243 certamen
1089 1205 1285 1251 exarsisse,
1319 1205 1630 1243 Academicorum
1662 1205 1763 1254 prin-

301 1264 422 1313 cipem
457 1264 698 1308 Carneadem,
736 1264 1034 1312 Peripateticum
1070 1263 1293 1310 Critolaum,
1329 1276 1349 1300 e
1386 1263 1524 1301 Stoicis
1557 1263 1763 1311 Diogenem

238 1326 247 1337 ‘
301 1321 557 1371 Babylonium
588 1321 827 1372 impugnasse
865 1321 1092 1360 rhetoricam
1124 1323 1166 1360 et
1196 1334 1266 1372 per
1298 1321 1460 1360 alteram
1488 1321 1599 1360 huius
1625 1321 1764 1360 saeculi

302 1383 450 1430 partem
486 1381 636 1419 assidue
671 1382 929 1430 quaestionem
958 1382 1064 1419 illam
1089 1382 1276 1430 agitatam
1303 1394 1394 1427 esse,
1432 1383 1461 1416 εἰ
1486 1382 1586 1429 τέχνη
1614 1384 1636 1429 ἡ
1663 1383 1763 1429 ῥητο-

303 1442 389 1488 ρική.
421 1440 552 1489 itaque
587 1441 630 1487 is,
668 1441 731 1489 qui
766 1440 942 1478 rhetores
977 1453 1052 1477 non
1085 1440 1209 1478 omnia
1241 1440 1412 1489 exempla
1437 1441 1484 1478 ab
1509 1453 1582 1477 uno
1608 1442 1764 1478 auctore

301 1500 519 1536 mutuantes
554 1499 684 1547 arguit
723 1501 946 1548 argumenta
982 1499 1226 1548 suppeditare
1259 1499 1357 1537 artis
1392 1498 1604 1536 rhetoricae
1629 1499 1764 1537 adver-

302 1557 424 1603 sariis,
450 1557 573 1595 altero
600 1558 749 1596 saeculo
776 1558 970 1607 scripsisse
995 1557 1159 1596 videtur.

397 1616 459 1652 III
470 1617 504 1653 b.
538 1616 733 1663 Quoniam,
759 1617 791 1654 si
816 1617 988 1666 exempla
1010 1617 1244 1654 extrinsecus
1263 1616 1442 1654 sumenda
1459 1617 1598 1662 essent,
1624 1618 1671 1653 ab
1689 1629 1762 1654 uno

300 1686 345 1711 ea
362 1674 527 1724 petenda
550 1674 666 1712 fuisse
689 1674 987 1713 demonstratum
1005 1676 1074 1722 est,
1102 1674 1270 1713 ostendit
1294 1676 1427 1712 auctor
1444 1673 1592 1712 omnino
1613 1674 1764 1712 aliunde

300 1746 346 1771 ea
370 1733 600 1772 adsumenda
624 1747 699 1772 non
724 1747 816 1772 esse.
868 1736 1061 1784 comparat
1092 1735 1295 1783 magistros
1329 1734 1453 1772 aliena
1483 1734 1653 1783 exempla
1676 1747 1763 1784 pro-

299 1794 468 1831 ferentes
505 1806 588 1831 cum
622 1794 914 1840 mercatoribus,
950 1794 1015 1843 qui
1046 1793 1168 1832 tritici
1202 1805 1357 1832 acervos
1384 1792 1604 1840 venditant,
1643 1805 1763 1831 exem-

296 1852 401 1901 plum
427 1854 575 1900 (δεῖγμα,
611 1852 659 1890 cf.
685 1852 796 1889 Dion.
822 1852 909 1889 Hal.
937 1852 977 1889 II
1003 1852 1060 1899 99,
1090 1852 1109 1888 1
1135 1851 1334 1900 Us.-Rad.)
1365 1864 1492 1901 pugno
1523 1864 1599 1888 non
1623 1851 1765 1889 habent

300 1911 401 1960 quod
439 1911 660 1958 ostendant,
706 1910 773 1949 sed
807 1911 959 1949 aliunde
993 1911 1222 1959 quaeritant.
1272 1911 1313 1948 hi
1347 1910 1442 1948 artis
1472 1910 1649 1958 magistri
1684 1912 1765 1948 tam

301 1970 455 2008 ridiculi
485 1970 666 2008 videntur
699 1981 811 2019 quam
846 1972 948 2007 esset
972 1969 1225 2018 Triptolemus
1255 1980 1381 2007 semen
1405 1969 1452 2005 ab
1478 1968 1562 2006 aliis
1587 1970 1763 2007 mutuans

302 2031 371 2066 aut
387 2028 635 2066 Prometheus
646 2027 674 2076 ²⁸)
698 2028 835 2076 ignem,
862 2040 971 2076 quem
988 2027 1147 2065 donaret
1163 2027 1401 2072 mortalibus,
1426 2038 1643 2075 corrogans.
1680 2027 1765 2075 ipsa

301 2086 452 2124 nomina
488 2086 537 2124 ad
571 2098 751 2135 graecum
784 2086 976 2123 auctorem
1000 2085 1208 2135 pertinent.
1259 2089 1299 2123 et
1323 2096 1501 2134 graecum
1525 2085 1640 2134 atque
1665 2084 1764 2122 anti-

301 2159 415 2195 quum
449 2145 643 2194 exemplar
678 2144 925 2194 agnoscimus,
961 2157 1044 2182 cum
1075 2147 1255 2193 sequente
1280 2143 1478 2182 enuntiato
1503 2143 1674 2181 rhetores
1698 2143 1764 2181 ad-

301 2205 467 2243 versarii
503 2217 586 2243 cum
623 2204 677 2242 eis
715 2206 983 2253 comparantur
1016 2203 1082 2254 qui
1116 2203 1191 2253 ipsi
1223 2202 1398 2240 sitientes
1430 2202 1557 2241 font'es
1583 2202 1763 2241 maximos

302 2265 498 2315 aperuisse
522 2264 749 2313 glorientur,
777 2263 849 2312 qui,
887 2275 963 2300 cum
992 2275 1029 2300 se
1054 2265 1149 2308 ipsos
1171 2263 1286 2308 fontes
1311 2274 1384 2299 esse
1408 2263 1529 2299 dicant
1553 2266 1586 2298 et
1610 2262 1764 2299 omnium

301 2327 422 2372 riyare
439 2324 587 2360 debeant
609 2323 757 2370 inqenia
782 2350 790 2359 .
810 2350 819 2359 .
838 2350 846 2359 .
872 2325 1038 2359 arescant
1062 2322 1132 2367 ipsi
1157 2322 1321 2358 siccitate.
1363 2320 1491 2359 eadem
1515 2320 1639 2370 imago
1665 2320 1764 2359 solet

404 2437 434 2475 1)
456 2439 515 2467 huc
536 2436 724 2467 accedebant
752 2435 1018 2474 grammaticorum
1046 2433 1161 2464 iudicia
1190 2433 1230 2464 ad
1257 2434 1354 2474 κρίσιν,
1385 2443 1445 2464 non
1474 2433 1514 2464 ad
1534 2434 1659 2477 piganum
1679 2442 1763 2472 spec-

301 2488 409 2526 tantIa,
435 2496 513 2525 quae
535 2496 554 2517 a
575 2486 750 2517 rhetoribus
772 2486 1008 2524 recipiebantur,
1029 2495 1057 2515 v.
1076 2485 1201 2523 Usener,
1222 2484 1361 2524 Dionysii
1381 2485 1450 2515 Hal.
1472 2484 1619 2515 librorum
1640 2484 1679 2515 de
1698 2484 1762 2514 imi-

301 2538 417 2568 tatione
438 2537 595 2575 reliquiae,
617 2537 743 2567 Bonnae
768 2538 842 2566 1889
863 2546 892 2574 p.
911 2539 936 2574 1,
959 2536 1071 2566 Stroux
1092 2545 1121 2573 p.
1136 2537 1173 2565 91
1186 2544 1226 2565 ss.

401 2589 431 2626 2)
460 2588 492 2617 in
516 2588 650 2618 Senecae
672 2587 774 2618 Contr.
796 2586 824 2615 X
846 2588 864 2616 5
885 2595 955 2617 reus
977 2589 1025 2616 est
1044 2585 1241 2623 Parrhasius,
1273 2585 1356 2624 quod
1380 2594 1500 2616 servum
1525 2584 1651 2615 torserit
1672 2587 1704 2614 et
1723 2583 1764 2615 ad

302 2639 458 2677 exemplar
478 2638 543 2669 eius
564 2638 746 2668 Promethea
767 2638 910 2676 pinxerit.
941 2645 1001 2674 qua
1021 2637 1053 2666 in
1074 2636 1281 2667 controversia
1302 2636 1424 2675 saepius
1446 2635 1619 2666 Promethei
1639 2634 1764 2673 igniferi

301 2689 333 2718 in
354 2688 488 2719 homines
509 2687 689 2719 beneficium
709 2687 856 2726 tangitur,
878 2688 897 2727 ἓ
918 2688 958 2718 28
978 2685 1159 2726 Triptolemi
1179 2685 1295 2717 fabula.
